{"bids": [[11715.57, 2e-05], [11715.56, 2e-05], [11715.33, 0.826], [11713.04, 0.05156985], [11713.03, 0.464], [11712.55, 0.2], [11711.83, 0.63], [11711.57, 0.12794737], [11710.92, 0.3], [11710.45, 4.9]], "asks": [[11716.41, 0.2], [11717.12, 0.05156985], [11717.13, 2.0], [11717.36, 4.9], [11717.95, 0.00744608], [11717.98, 2.0], [11719.73, 1.04430791], [11720.06, 2.0], [11723.26, 4.56], [11723.8, 9.8]], "ts": 1596947816113}
{"bids": [[11715.57, 2e-05], [11715.56, 2e-05], [11715.33, 0.826], [11713.04, 0.05156985], [11713.03, 0.464], [11712.55, 0.2], [11711.83, 0.63], [11711.57, 0.12794737], [11710.92, 0.3], [11710.45, 4.9]], "asks": [[11716.41, 0.2], [11717.12, 0.05156985], [11717.13, 2.0], [11717.36, 4.9], [11717.98, 2.0], [11719.73, 1.04430791], [11720.06, 2.0], [11723.26, 4.56], [11723.8, 9.8]], "ts": 1596947816116}
{"bids": [[11715.57, 2e-05], [11715.56, 2e-05], [11715.33, 0.826], [11713.04, 0.05156985], [11713.03, 0.464], [11712.55, 0.2], [11711.83, 0.63], [11711.57, 0.12794737], [11710.92, 0.3], [11710.45, 4.9]], "asks": [[11716.41, 0.2], [11717.12, 0.05156985], [11717.36, 4.9], [11717.98, 2.0], [11719.73, 1.04430791], [11720.06, 2.0], [11723.26, 4.56], [11723.8, 9.8]], "ts": 1596947816117}
{"bids": [[11715.57, 2e-05], [11715.56, 2e-05], [11715.34, 0.04579157], [11715.33, 0.826], [11713.04, 0.05156985], [11713.03, 0.464], [11712.55, 0.2], [11711.83, 0.63], [11711.57, 0.12794737], [11710.92, 0.3]], "asks": [[11716.41, 0.2], [11717.12, 0.05156985], [11717.36, 4.9], [11717.98, 2.0], [11719.73, 1.04430791], [11720.06, 2.0], [11723.26, 4.56], [11723.8, 9.8]], "ts": 1596947816118}
{"bids": [[11715.57, 2e-05], [11715.56, 2e-05], [11715.34, 0.04579157], [11715.33, 0.826], [11713.03, 0.464], [11712.55, 0.2], [11711.83, 0.63], [11711.57, 0.12794737], [11710.92, 0.3]], "asks": [[11716.41, 0.2], [11717.12, 0.05156985], [11717.36, 4.9], [11717.98, 2.0], [11719.73, 1.04430791], [11720.06, 2.0], [11723.26, 4.56], [11723.8, 9.8]], "ts": 1596947816119}
{"bids": [[11715.57, 2e-05], [11715.56, 2e-05], [11715.34, 0.04579157], [11715.33, 0.826], [11713.03, 0.464], [11712.55, 0.2], [11711.83, 0.63], [11711.57, 0.12794737], [11710.92, 0.3]], "asks": [[11716.41, 0.20744608], [11717.12, 0.05156985], [11717.36, 4.9], [11717.98, 2.0], [11719.73, 1.04430791], [11720.06, 2.0], [11723.26, 4.56], [11723.8, 9.8]], "ts": 1596947816120}
{"bids": [[11715.59, 2.0], [11715.57, 2e-05], [11715.56, 2e-05], [11715.34, 0.04579157], [11715.33, 0.826], [11713.03, 0.464], [11712.55, 0.2], [11711.83, 0.63], [11711.57, 0.12794737], [11710.92, 0.3]], "asks": [[11716.41, 0.20744608], [11717.12, 0.05156985], [11717.36, 4.9], [11717.98, 2.0], [11719.73, 1.04430791], [11720.06, 2.0], [11723.26, 4.56], [11723.8, 9.8]], "ts": 1596947816121}
{"bids": [[11715.59, 2.0], [11715.57, 2e-05], [11715.56, 2e-05], [11715.33, 0.826], [11713.03, 0.464], [11712.55, 0.2], [11711.83, 0.63], [11711.57, 0.12794737], [11710.92, 0.3]], "asks": [[11716.41, 0.20744608], [11717.12, 0.05156985], [11717.36, 4.9], [11717.98, 2.0], [11719.73, 1.04430791], [11720.06, 2.0], [11723.26, 4.56], [11723.8, 9.8]], "ts": 1596947816122}
{"bids": [[11715.59, 2.0], [11715.57, 2e-05], [11715.56, 2e-05], [11715.33, 0.826], [11713.04, 0.04579157], [11713.03, 0.464], [11712.55, 0.2], [11711.83, 0.63], [11711.57, 0.12794737], [11710.92, 0.3]], "asks": [[11716.41, 0.20744608], [11717.12, 0.05156985], [11717.36, 4.9], [11717.98, 2.0], [11719.73, 1.04430791], [11720.06, 2.0], [11723.26, 4.56], [11723.8, 9.8]], "ts": 1596947816123}
{"bids": [[11715.59, 2.0], [11715.57, 2e-05], [11715.56, 2e-05], [11715.33, 0.826], [11713.03, 0.464], [11712.55, 0.2], [11711.83, 0.63], [11711.57, 0.12794737], [11710.92, 0.3]], "asks": [[11716.41, 0.20744608], [11717.12, 0.05156985], [11717.36, 4.9], [11717.98, 2.0], [11719.73, 1.04430791], [11720.06, 2.0], [11723.26, 4.56], [11723.8, 9.8]], "ts": 1596947816124}
{"bids": [[11715.59, 2.0], [11715.57, 2e-05], [11715.56, 2e-05], [11715.33, 0.826], [11713.03, 0.464], [11712.55, 0.2], [11711.83, 0.63], [11711.57, 0.12794737], [11710.92, 0.3]], "asks": [[11716.41, 0.20744608], [11717.36, 4.9], [11717.98, 2.0], [11719.73, 1.04430791], [11720.06, 2.0], [11723.26, 4.56], [11723.8, 9.8]], "ts": 1596947816125}
{"bids": [[11715.6, 0.04579157], [11715.59, 2.0], [11715.57, 2e-05], [11715.56, 2e-05], [11715.33, 0.826], [11713.03, 0.464], [11712.55, 0.2], [11711.83, 0.63], [11711.57, 0.12794737], [11710.92, 0.3]], "asks": [[11716.41, 0.20744608], [11717.36, 4.9], [11717.98, 2.0], [11719.73, 1.04430791], [11720.06, 2.0], [11723.26, 4.56], [11723.8, 9.8]], "ts": 1596947816126}
{"bids": [[11715.6, 0.04579157], [11715.57, 2e-05], [11715.56, 2e-05], [11715.33, 0.826], [11713.03, 0.464], [11712.55, 0.2], [11711.83, 0.63], [11711.57, 0.12794737], [11710.92, 0.3]], "asks": [[11716.41, 0.20744608], [11717.36, 4.9], [11717.98, 2.0], [11719.73, 1.04430791], [11720.06, 2.0], [11723.26, 4.56], [11723.8, 9.8]], "ts": 1596947816812}
{"bids": [[11715.6, 0.04579157], [11715.57, 2e-05], [11715.56, 2e-05], [11715.33, 0.826], [11713.03, 0.464], [11712.55, 0.2], [11711.83, 0.63], [11711.57, 0.12794737], [11710.92, 0.3]], "asks": [[11716.41, 0.20744608], [11717.36, 4.9], [11717.97, 0.04729733], [11717.98, 2.0], [11719.73, 1.04430791], [11720.06, 2.0], [11723.26, 4.56], [11723.8, 9.8]], "ts": 1596947816814}
{"bids": [[11715.62, 2.0], [11715.6, 0.04579157], [11715.57, 2e-05], [11715.56, 2e-05], [11715.33, 0.826], [11713.03, 0.464], [11712.55, 0.2], [11711.83, 0.63], [11711.57, 0.12794737], [11710.92, 0.3]], "asks": [[11716.41, 0.20744608], [11717.36, 4.9], [11717.97, 0.04729733], [11717.98, 2.0], [11719.73, 1.04430791], [11720.06, 2.0], [11723.26, 4.56], [11723.8, 9.8]], "ts": 1596947823529}
{"bids": [[11715.63, 0.04720587], [11715.62, 2.0], [11715.6, 0.04579157], [11715.57, 2e-05], [11715.56, 2e-05], [11715.33, 0.826], [11713.03, 0.464], [11712.55, 0.2], [11711.83, 0.63], [11711.57, 0.12794737]], "asks": [[11716.41, 0.20744608], [11717.36, 4.9], [11717.97, 0.04729733], [11717.98, 2.0], [11719.73, 1.04430791], [11720.06, 2.0], [11723.26, 4.56], [11723.8, 9.8]], "ts": 1596947823531}
{"bids": [[11715.63, 0.04720587], [11715.62, 2.0], [11715.57, 2e-05], [11715.56, 2e-05], [11715.33, 0.826], [11713.03, 0.464], [11712.55, 0.2], [11711.83, 0.63], [11711.57, 0.12794737]], "asks": [[11716.41, 0.20744608], [11717.36, 4.9], [11717.97, 0.04729733], [11717.98, 2.0], [11719.73, 1.04430791], [11720.06, 2.0], [11723.26, 4.56], [11723.8, 9.8]], "ts": 1596947823533}
{"bids": [[11715.63, 0.04720587], [11715.62, 2.0], [11715.57, 2e-05], [11715.56, 2e-05], [11715.33, 0.826], [11713.03, 0.464], [11712.55, 0.2], [11711.83, 0.63], [11711.57, 0.12794737]], "asks": [[11716.41, 0.20744608], [11717.36, 4.9], [11717.98, 2.0], [11719.73, 1.04430791], [11720.06, 2.0], [11723.26, 4.56], [11723.8, 9.8]], "ts": 1596947823534}
{"bids": [[11715.63, 0.04720587], [11715.57, 2e-05], [11715.56, 2e-05], [11715.33, 0.826], [11713.03, 0.464], [11712.55, 0.2], [11711.83, 0.63], [11711.57, 0.12794737]], "asks": [[11716.41, 0.20744608], [11717.36, 4.9], [11717.98, 2.0], [11719.73, 1.04430791], [11720.06, 2.0], [11723.26, 4.56], [11723.8, 9.8]], "ts": 1596947824233}
{"bids": [[11715.67, 2.0], [11715.63, 0.04720587], [11715.57, 2e-05], [11715.56, 2e-05], [11715.33, 0.826], [11713.03, 0.464], [11712.55, 0.2], [11711.83, 0.63], [11711.57, 0.12794737]], "asks": [[11716.41, 0.20744608], [11717.36, 4.9], [11717.98, 2.0], [11719.73, 1.04430791], [11720.06, 2.0], [11723.26, 4.56], [11723.8, 9.8]], "ts": 1596947824913}
{"bids": [[11715.68, 0.0473838], [11715.67, 2.0], [11715.63, 0.04720587], [11715.57, 2e-05], [11715.56, 2e-05], [11715.33, 0.826], [11713.03, 0.464], [11712.55, 0.2], [11711.83, 0.63], [11711.57, 0.12794737]], "asks": [[11716.41, 0.20744608], [11717.36, 4.9], [11717.98, 2.0], [11719.73, 1.04430791], [11720.06, 2.0], [11723.26, 4.56], [11723.8, 9.8]], "ts": 1596947824915}
{"bids": [[11715.68, 0.0473838], [11715.67, 2.0], [11715.57, 2e-05], [11715.56, 2e-05], [11715.33, 0.826], [11713.03, 0.464], [11712.55, 0.2], [11711.83, 0.63], [11711.57, 0.12794737]], "asks": [[11716.41, 0.20744608], [11717.36, 4.9], [11717.98, 2.0], [11719.73, 1.04430791], [11720.06, 2.0], [11723.26, 4.56], [11723.8, 9.8]], "ts": 1596947824922}
{"bids": [[11715.68, 0.0473838], [11715.67, 2.0], [11715.57, 2e-05], [11715.56, 2e-05], [11715.33, 0.826], [11713.03, 0.464], [11712.55, 0.2], [11711.83, 0.63], [11711.57, 0.12794737]], "asks": [[11716.41, 0.20744608], [11717.36, 4.9], [11717.98, 2.0], [11719.73, 1.04430791], [11720.06, 2.0], [11723.26, 4.56], [11723.8, 9.8]], "ts": 1596947826295}
{"bids": [[11715.68, 0.0473838], [11715.67, 2.0], [11715.57, 2e-05], [11715.56, 2e-05], [11715.33, 0.826], [11713.03, 0.464], [11712.55, 0.2], [11711.83, 0.63], [11711.57, 0.12794737], [11642.09, 1.71692702]], "asks": [[11716.41, 0.20744608], [11717.36, 4.9], [11717.98, 2.0], [11719.73, 1.04430791], [11720.06, 2.0], [11723.26, 4.56], [11723.8, 9.8]], "ts": 1596947826447}
{"bids": [[11715.68, 0.0473838], [11715.67, 2.0], [11715.57, 2e-05], [11715.56, 2e-05], [11715.33, 0.826], [11713.03, 0.464], [11712.55, 0.2], [11711.83, 0.63], [11711.57, 0.12794737], [11642.09, 1.71692702]], "asks": [[11716.41, 0.20744608], [11717.36, 4.9], [11717.98, 2.0], [11719.73, 1.04430791], [11720.06, 2.0], [11723.26, 4.56], [11723.8, 9.8]], "ts": 1596947826985}
{"bids": [[11715.68, 0.0473838], [11715.67, 2.0], [11715.57, 2e-05], [11715.56, 2e-05], [11715.33, 0.826], [11713.03, 0.464], [11712.55, 0.2], [11711.83, 0.63], [11711.57, 0.12794737], [11642.09, 1.71692702]], "asks": [[11716.41, 0.20744608], [11717.98, 2.0], [11719.73, 1.04430791], [11720.06, 2.0], [11723.26, 4.56], [11723.8, 9.8]], "ts": 1596947826987}
{"bids": [[11715.68, 0.0473838], [11715.67, 2.0], [11715.57, 2e-05], [11715.56, 2e-05], [11715.33, 0.826], [11713.03, 0.464], [11711.83, 0.63], [11711.57, 0.12794737], [11642.09, 1.71692702]], "asks": [[11716.41, 0.20744608], [11717.98, 2.0], [11719.73, 1.04430791], [11720.06, 2.0], [11723.26, 4.56], [11723.8, 9.8]], "ts": 1596947826988}
{"bids": [[11715.68, 0.0473838], [11715.67, 2.0], [11715.57, 2e-05], [11715.56, 2e-05], [11715.33, 0.826], [11713.03, 0.464], [11711.83, 0.63], [11711.57, 0.12794737], [11711.46, 4.9], [11642.09, 1.71692702]], "asks": [[11716.41, 0.20744608], [11717.98, 2.0], [11719.73, 1.04430791], [11720.06, 2.0], [11723.26, 4.56], [11723.8, 9.8]], "ts": 1596947826989}
{"bids": [[11715.68, 0.0473838], [11715.67, 2.0], [11715.57, 2e-05], [11715.56, 2e-05], [11715.33, 0.826], [11713.03, 0.464], [11711.83, 0.63], [11711.57, 0.12794737], [11711.46, 4.9], [11642.09, 1.71692702]], "asks": [[11716.41, 0.20744608], [11717.98, 2.0], [11718.36, 4.9], [11719.73, 1.04430791], [11720.06, 2.0], [11723.26, 4.56], [11723.8, 9.8]], "ts": 1596947826990}
{"bids": [[11715.68, 0.0473838], [11715.67, 2.0], [11715.57, 2e-05], [11715.56, 2e-05], [11715.33, 0.826], [11713.55, 0.2], [11713.03, 0.464], [11711.83, 0.63], [11711.57, 0.12794737], [11711.46, 4.9]], "asks": [[11716.41, 0.20744608], [11717.98, 2.0], [11718.36, 4.9], [11719.73, 1.04430791], [11720.06, 2.0], [11723.26, 4.56], [11723.8, 9.8]], "ts": 1596947826991}
{"bids": [[11715.68, 0.0473838], [11715.67, 2.0], [11715.57, 2e-05], [11715.56, 2e-05], [11715.33, 0.826], [11713.55, 0.2], [11713.03, 0.464], [11711.83, 0.63], [11711.57, 0.12794737], [11711.46, 4.9]], "asks": [[11716.41, 0.20744608], [11717.98, 2.0], [11718.36, 4.9], [11719.73, 1.04430791], [11720.06, 2.0], [11723.26, 4.56], [11723.8, 9.8]], "ts": 1596947827095}
{"bids": [[11715.68, 0.0473838], [11715.57, 2e-05], [11715.56, 2e-05], [11715.33, 0.826], [11713.55, 0.2], [11713.03, 0.464], [11711.83, 0.63], [11711.57, 0.12794737], [11711.46, 4.9]], "asks": [[11716.41, 0.20744608], [11717.98, 2.0], [11718.36, 4.9], [11719.73, 1.04430791], [11720.06, 2.0], [11723.26, 4.56], [11723.8, 9.8]], "ts": 1596947827276}
{"bids": [[11715.68, 0.0473838], [11715.57, 2e-05], [11715.56, 2e-05], [11715.33, 0.826], [11713.55, 0.2], [11713.03, 0.464], [11711.83, 0.63], [11711.57, 0.12794737], [11711.46, 4.9]], "asks": [[11716.41, 0.20744608], [11717.98, 2.0], [11718.36, 4.9], [11719.73, 1.04430791], [11720.06, 2.0], [11723.26, 4.56], [11723.8, 9.8]], "ts": 1596947829571}
{"bids": [[11715.68, 0.0473838], [11715.57, 2e-05], [11715.56, 2e-05], [11715.33, 0.826], [11713.55, 0.2], [11713.03, 0.464], [11711.83, 0.63], [11711.57, 0.12794737], [11711.46, 4.9]], "asks": [[11716.41, 0.20744608], [11717.98, 2.0], [11718.36, 4.9], [11719.73, 1.04430791], [11720.06, 2.0], [11723.26, 4.56], [11723.8, 9.8]], "ts": 1596947829573}
{"bids": [[11715.68, 0.0473838], [11715.57, 2e-05], [11715.56, 2e-05], [11715.33, 0.826], [11713.55, 0.2], [11713.03, 0.464], [11711.83, 0.63], [11711.57, 0.12794737], [11711.46, 4.9]], "asks": [[11716.41, 0.20744608], [11717.98, 2.0], [11718.36, 4.9], [11719.73, 1.04430791], [11720.06, 2.0], [11723.26, 4.56], [11723.8, 9.8]], "ts": 1596947829574}
{"bids": [[11715.68, 0.0473838], [11715.57, 2e-05], [11715.56, 2e-05], [11715.33, 0.826], [11713.55, 0.2], [11711.83, 0.63], [11711.57, 0.12794737], [11711.46, 4.9]], "asks": [[11716.41, 0.20744608], [11717.98, 2.0], [11718.36, 4.9], [11719.73, 1.04430791], [11720.06, 2.0], [11723.26, 4.56], [11723.8, 9.8]], "ts": 1596947829576}
{"bids": [[11715.68, 0.0473838], [11715.57, 2e-05], [11715.56, 2e-05], [11715.33, 0.826], [11714.19, 0.319], [11713.55, 0.2], [11711.83, 0.63], [11711.57, 0.12794737], [11711.46, 4.9]], "asks": [[11716.41, 0.20744608], [11717.98, 2.0], [11718.36, 4.9], [11719.73, 1.04430791], [11720.06, 2.0], [11723.26, 4.56], [11723.8, 9.8]], "ts": 1596947829577}
{"bids": [[11715.68, 0.0473838], [11715.57, 2e-05], [11715.56, 2e-05], [11715.33, 0.826], [11714.19, 0.319], [11713.55, 0.2], [11711.83, 0.63], [11711.57, 0.12794737], [11711.46, 4.9], [11710.69, 0.65]], "asks": [[11716.41, 0.20744608], [11717.98, 2.0], [11718.36, 4.9], [11719.73, 1.04430791], [11720.06, 2.0], [11723.26, 4.56], [11723.8, 9.8]], "ts": 1596947829578}
{"bids": [[11715.68, 0.0473838], [11715.57, 2e-05], [11715.56, 2e-05], [11715.33, 0.826], [11714.19, 0.319], [11713.55, 0.2], [11711.83, 0.63], [11711.57, 0.12794737], [11711.46, 4.9], [11710.69, 0.65]], "asks": [[11716.41, 0.20744608], [11717.98, 2.0], [11718.36, 4.9], [11719.73, 1.04430791], [11720.06, 2.0], [11723.26, 4.56], [11723.8, 9.8], [11741.06, 0.56]], "ts": 1596947829579}
{"bids": [[11715.68, 0.0473838], [11715.57, 2e-05], [11715.56, 2e-05], [11715.33, 0.826], [11714.19, 0.319], [11713.55, 0.2], [11711.83, 0.63], [11711.57, 0.12794737], [11711.46, 4.9], [11710.69, 0.65]], "asks": [[11716.41, 0.20744608], [11717.98, 2.0], [11718.36, 4.9], [11719.73, 1.04430791], [11720.06, 2.0], [11723.26, 4.56], [11723.8, 9.8], [11741.06, 0.56], [11744.56, 0.837]], "ts": 1596947829580}
{"bids": [[11715.68, 0.0473838], [11715.57, 2e-05], [11715.56, 2e-05], [11714.19, 0.319], [11713.55, 0.2], [11711.83, 0.63], [11711.57, 0.12794737], [11711.46, 4.9], [11710.69, 0.65]], "asks": [[11716.41, 0.20744608], [11717.98, 2.0], [11718.36, 4.9], [11719.73, 1.04430791], [11720.06, 2.0], [11723.26, 4.56], [11723.8, 9.8], [11741.06, 0.56], [11744.56, 0.837]], "ts": 1596947829752}
{"bids": [[11715.68, 0.0473838], [11715.57, 2e-05], [11715.56, 2e-05], [11714.19, 0.319], [11713.55, 0.2], [11711.83, 0.63], [11711.57, 0.12794737], [11711.46, 4.9], [11710.69, 0.65]], "asks": [[11716.41, 0.20744608], [11717.98, 2.0], [11718.36, 4.9], [11719.73, 1.04430791], [11720.06, 2.0], [11723.26, 4.56], [11723.8, 9.8], [11741.06, 0.56], [11744.56, 0.837]], "ts": 1596947829767}
{"bids": [[11715.68, 0.0473838], [11715.57, 2e-05], [11715.56, 2e-05], [11714.19, 0.319], [11713.55, 0.2], [11711.57, 0.12794737], [11711.46, 4.9], [11710.69, 0.65]], "asks": [[11716.41, 0.20744608], [11717.98, 2.0], [11718.36, 4.9], [11719.73, 1.04430791], [11720.06, 2.0], [11723.26, 4.56], [11723.8, 9.8], [11741.06, 0.56], [11744.56, 0.837]], "ts": 1596947829769}
{"bids": [[11715.68, 0.0473838], [11715.57, 2e-05], [11715.56, 2e-05], [11714.19, 0.319], [11713.55, 0.2], [11711.57, 0.12794737], [11711.46, 4.9], [11710.69, 0.65]], "asks": [[11716.41, 0.20744608], [11717.98, 2.0], [11718.36, 4.9], [11719.73, 1.04430791], [11720.06, 2.0], [11723.26, 4.56], [11723.8, 9.8], [11741.06, 0.56], [11744.56, 0.837]], "ts": 1596947829770}
{"bids": [[11715.57, 2e-05], [11715.56, 2e-05], [11714.19, 0.319], [11713.55, 0.2], [11711.57, 0.12794737], [11711.46, 4.9], [11710.69, 0.65]], "asks": [[11716.41, 0.20744608], [11717.98, 2.0], [11718.36, 4.9], [11719.73, 1.04430791], [11720.06, 2.0], [11723.26, 4.56], [11723.8, 9.8], [11741.06, 0.56], [11744.56, 0.837]], "ts": 1596947829771}
{"bids": [[11715.57, 2e-05], [11715.56, 2e-05], [11714.19, 0.319], [11713.55, 0.2], [11712.99, 0.557], [11711.57, 0.12794737], [11711.46, 4.9], [11710.69, 0.65]], "asks": [[11716.41, 0.20744608], [11717.98, 2.0], [11718.36, 4.9], [11719.73, 1.04430791], [11720.06, 2.0], [11723.26, 4.56], [11723.8, 9.8], [11741.06, 0.56], [11744.56, 0.837]], "ts": 1596947829772}
{"bids": [[11715.57, 2e-05], [11715.56, 2e-05], [11714.2, 0.04719475], [11714.19, 0.319], [11713.55, 0.2], [11712.99, 0.557], [11711.57, 0.12794737], [11711.46, 4.9], [11710.69, 0.65]], "asks": [[11716.41, 0.20744608], [11717.98, 2.0], [11718.36, 4.9], [11719.73, 1.04430791], [11720.06, 2.0], [11723.26, 4.56], [11723.8, 9.8], [11741.06, 0.56], [11744.56, 0.837]], "ts": 1596947829773}
{"bids": [[11715.57, 2e-05], [11715.56, 2e-05], [11714.2, 0.04719475], [11714.19, 0.319], [11713.55, 0.2], [11712.99, 0.557], [11711.57, 0.12794737], [11711.46, 4.9], [11710.69, 0.65], [11709.49, 0.387]], "asks": [[11716.41, 0.20744608], [11717.98, 2.0], [11718.36, 4.9], [11719.73, 1.04430791], [11720.06, 2.0], [11723.26, 4.56], [11723.8, 9.8], [11741.06, 0.56], [11744.56, 0.837]], "ts": 1596947829775}
{"bids": [[11715.57, 2e-05], [11715.56, 2e-05], [11714.2, 0.04719475], [11714.19, 0.319], [11713.55, 0.2], [11712.99, 0.557], [11711.57, 0.12794737], [11711.46, 4.9], [11710.69, 0.65], [11709.49, 0.387]], "asks": [[11716.41, 0.20744608], [11717.98, 2.0], [11718.35, 0.04719475], [11718.36, 4.9], [11719.73, 1.04430791], [11720.06, 2.0], [11723.26, 4.56], [11723.8, 9.8], [11741.06, 0.56], [11744.56, 0.837]], "ts": 1596947829776}
{"bids": [[11715.57, 2e-05], [11715.56, 2e-05], [11714.2, 0.04719475], [11714.19, 0.319], [11713.55, 0.2], [11712.99, 0.557], [11711.57, 0.12794737], [11711.46, 4.9], [11710.69, 0.65], [11709.49, 0.387]], "asks": [[11716.41, 0.20744608], [11717.98, 2.0], [11718.35, 0.04719475], [11718.36, 4.9], [11719.73, 1.04430791], [11720.06, 2.0], [11723.26, 4.56], [11723.8, 9.8], [11741.06, 0.56], [11742.26, 0.658]], "ts": 1596947829777}
{"bids": [[11715.57, 2e-05], [11715.56, 2e-05], [11714.2, 0.04719475], [11714.19, 0.319], [11713.55, 0.2], [11712.99, 0.557], [11711.57, 0.12794737], [11711.46, 4.9], [11710.69, 0.65], [11709.49, 0.387]], "asks": [[11716.4, 0.04719475], [11716.41, 0.20744608], [11717.98, 2.0], [11718.35, 0.04719475], [11718.36, 4.9], [11719.73, 1.04430791], [11720.06, 2.0], [11723.26, 4.56], [11723.8, 9.8], [11741.06, 0.56]], "ts": 1596947829778}
{"bids": [[11715.57, 2e-05], [11715.56, 2e-05], [11714.2, 0.04719475], [11714.19, 0.319], [11713.55, 0.2], [11712.99, 0.557], [11711.57, 0.12794737], [11711.46, 4.9], [11710.69, 0.65], [11709.49, 0.387]], "asks": [[11716.4, 0.04719475], [11716.41, 0.20744608], [11717.98, 2.0], [11718.35, 0.04719475], [11718.36, 4.9], [11719.73, 1.04430791], [11720.06, 2.0], [11723.26, 4.56], [11723.8, 9.8], [11741.06, 0.56]], "ts": 1596947829779}
{"bids": [[11715.57, 2e-05], [11715.56, 2e-05], [11714.2, 0.04719475], [11714.19, 0.319], [11713.55, 0.2], [11712.99, 0.557], [11711.57, 0.12794737], [11711.46, 4.9], [11710.69, 0.65], [11709.49, 0.387]], "asks": [[11716.4, 0.04719475], [11716.41, 0.20744608], [11717.98, 2.0], [11718.36, 4.9], [11719.73, 1.04430791], [11720.06, 2.0], [11723.26, 4.56], [11723.8, 9.8], [11741.06, 0.56]], "ts": 1596947829780}
{"bids": [[11715.57, 2e-05], [11715.56, 2e-05], [11714.2, 0.04719475], [11714.19, 0.319], [11713.55, 0.2], [11712.99, 0.557], [11711.57, 0.12794737], [11711.46, 4.9], [11710.69, 0.65], [11709.49, 0.387]], "asks": [[11716.41, 0.20744608], [11717.98, 2.0], [11718.36, 4.9], [11719.73, 1.04430791], [11720.06, 2.0], [11723.26, 4.56], [11723.8, 9.8], [11741.06, 0.56]], "ts": 1596947829781}
{"bids": [[11715.57, 2e-05], [11715.56, 2e-05], [11714.2, 0.04719475], [11714.19, 0.319], [11713.55, 0.2], [11712.99, 0.557], [11711.57, 0.12794737], [11711.46, 4.9], [11710.69, 0.65], [11709.49, 0.387]], "asks": [[11716.41, 0.20744608], [11717.97, 0.04719475], [11717.98, 2.0], [11718.36, 4.9], [11719.73, 1.04430791], [11720.06, 2.0], [11723.26, 4.56], [11723.8, 9.8], [11741.06, 0.56]], "ts": 1596947829782}
{"bids": [[11715.57, 2e-05], [11715.56, 2e-05], [11714.2, 0.04719475], [11714.19, 0.319], [11713.55, 0.2], [11712.99, 0.557], [11711.57, 0.12794737], [11711.46, 4.9], [11710.69, 0.65], [11709.49, 0.387]], "asks": [[11716.41, 0.00744608], [11717.97, 0.04719475], [11717.98, 2.0], [11718.36, 4.9], [11719.73, 1.04430791], [11720.06, 2.0], [11723.26, 4.56], [11723.8, 9.8], [11741.06, 0.56]], "ts": 1596947829783}
{"bids": [[11715.57, 2e-05], [11715.56, 2e-05], [11714.2, 0.04719475], [11714.19, 0.319], [11713.55, 0.2], [11712.99, 0.557], [11711.57, 0.12794737], [11711.46, 4.9], [11710.69, 0.65], [11709.49, 0.387]], "asks": [[11717.97, 0.04719475], [11717.98, 2.0], [11718.36, 4.9], [11719.73, 1.04430791], [11720.06, 2.0], [11723.26, 4.56], [11723.8, 9.8], [11741.06, 0.56]], "ts": 1596947829804}
{"bids": [[11715.57, 2e-05], [11715.56, 2e-05], [11714.2, 0.04719475], [11714.19, 0.319], [11713.55, 0.2], [11712.99, 0.557], [11711.57, 0.12794737], [11711.46, 4.9], [11710.69, 0.65], [11709.49, 0.387]], "asks": [[11716.4, 0.2], [11717.97, 0.04719475], [11717.98, 2.0], [11718.36, 4.9], [11719.73, 1.04430791], [11720.06, 2.0], [11723.26, 4.56], [11723.8, 9.8], [11741.06, 0.56]], "ts": 1596947829805}
{"bids": [[11715.57, 2e-05], [11715.56, 2e-05], [11714.2, 0.04719475], [11714.19, 0.319], [11713.55, 0.2], [11712.99, 0.557], [11711.57, 0.12794737], [11711.46, 4.9], [11710.69, 0.65], [11709.49, 0.387]], "asks": [[11716.4, 0.2], [11717.97, 0.05464083], [11717.98, 2.0], [11718.36, 4.9], [11719.73, 1.04430791], [11720.06, 2.0], [11723.26, 4.56], [11723.8, 9.8], [11741.06, 0.56]], "ts": 1596947829805}
{"bids": [[11715.57, 2e-05], [11715.56, 2e-05], [11714.2, 0.04719475], [11714.19, 0.319], [11713.55, 0.2], [11712.99, 0.557], [11711.57, 0.12794737], [11711.46, 4.9], [11710.69, 0.65], [11709.49, 0.387]], "asks": [[11716.4, 0.2], [11717.97, 0.05464083], [11717.98, 2.0], [11718.36, 4.9], [11719.73, 1.04430791], [11720.06, 2.0], [11723.26, 4.56], [11723.8, 9.8], [11741.06, 0.56]], "ts": 1596947830492}
{"bids": [[11715.57, 2e-05], [11715.56, 2e-05], [11714.2, 0.04719475], [11714.19, 0.319], [11713.55, 0.2], [11712.99, 0.557], [11711.57, 0.12794737], [11711.46, 4.9], [11710.69, 0.65], [11709.49, 0.387]], "asks": [[11716.4, 0.2], [11717.97, 0.05464083], [11717.98, 2.0], [11718.36, 4.9], [11719.73, 1.04430791], [11720.06, 2.0], [11723.26, 4.56], [11723.8, 9.8], [11741.06, 0.56]], "ts": 1596947830514}
{"bids": [[11715.57, 2e-05], [11715.56, 2e-05], [11714.2, 0.04719475], [11714.19, 0.319], [11713.55, 0.2], [11712.99, 0.557], [11711.57, 0.12794737], [11711.46, 4.9], [11710.69, 0.65], [11709.49, 0.387]], "asks": [[11716.4, 0.2], [11717.97, 0.05464083], [11717.98, 2.0], [11718.36, 4.9], [11719.73, 1.04430791], [11720.06, 2.0], [11723.26, 4.56], [11723.8, 9.8], [11741.06, 0.56]], "ts": 1596947830617}
{"bids": [[11715.57, 2e-05], [11715.56, 2e-05], [11714.2, 0.04719475], [11714.19, 0.319], [11713.55, 0.2], [11712.99, 0.557], [11711.57, 0.12794737], [11711.46, 4.9], [11710.69, 0.65], [11709.49, 0.387]], "asks": [[11716.4, 0.2], [11717.97, 0.05464083], [11717.98, 2.0], [11718.36, 4.9], [11719.73, 1.04430791], [11720.06, 2.0], [11723.26, 4.56], [11723.8, 9.8], [11741.06, 0.56], [11792.0, 0.005]], "ts": 1596947830761}
{"bids": [[11715.57, 2e-05], [11715.56, 2e-05], [11714.2, 0.04719475], [11714.19, 0.319], [11713.55, 0.2], [11712.99, 0.557], [11711.57, 0.12794737], [11711.46, 4.9], [11710.69, 0.65], [11709.49, 0.387]], "asks": [[11716.4, 0.2], [11717.97, 0.04719475], [11717.98, 2.0], [11718.36, 4.9], [11719.73, 1.04430791], [11720.06, 2.0], [11723.26, 4.56], [11723.8, 9.8], [11741.06, 0.56], [11792.0, 0.005]], "ts": 1596947830801}
{"bids": [[11715.57, 2e-05], [11715.56, 2e-05], [11714.2, 0.04719475], [11714.19, 0.319], [11713.55, 0.2], [11712.99, 0.557], [11711.57, 0.12794737], [11711.46, 4.9], [11710.69, 0.65], [11709.49, 0.387]], "asks": [[11716.4, 0.20744608], [11717.97, 0.04719475], [11717.98, 2.0], [11718.36, 4.9], [11719.73, 1.04430791], [11720.06, 2.0], [11723.26, 4.56], [11723.8, 9.8], [11741.06, 0.56], [11792.0, 0.005]], "ts": 1596947830813}
{"bids": [[11715.57, 2e-05], [11715.56, 2e-05], [11714.2, 0.04719475], [11714.19, 0.319], [11713.55, 0.2], [11712.99, 0.557], [11711.57, 0.12794737], [11711.46, 4.9], [11710.69, 0.65], [11709.49, 0.387]], "asks": [[11716.4, 0.20744608], [11717.97, 0.04719475], [11717.98, 2.0], [11718.36, 4.9], [11719.73, 1.04430791], [11720.06, 2.0], [11723.26, 4.56], [11723.8, 9.8], [11741.06, 0.56], [11781.0, 0.005]], "ts": 1596947830859}
{"bids": [[11715.58, 2.0], [11715.57, 2e-05], [11715.56, 2e-05], [11714.2, 0.04719475], [11714.19, 0.319], [11713.55, 0.2], [11712.99, 0.557], [11711.57, 0.12794737], [11711.46, 4.9], [11710.69, 0.65]], "asks": [[11716.4, 0.20744608], [11717.97, 0.04719475], [11717.98, 2.0], [11718.36, 4.9], [11719.73, 1.04430791], [11720.06, 2.0], [11723.26, 4.56], [11723.8, 9.8], [11741.06, 0.56], [11781.0, 0.005]], "ts": 1596947831130}
{"bids": [[11715.59, 0.04568364], [11715.58, 2.0], [11715.57, 2e-05], [11715.56, 2e-05], [11714.2, 0.04719475], [11714.19, 0.319], [11713.55, 0.2], [11712.99, 0.557], [11711.57, 0.12794737], [11711.46, 4.9]], "asks": [[11716.4, 0.20744608], [11717.97, 0.04719475], [11717.98, 2.0], [11718.36, 4.9], [11719.73, 1.04430791], [11720.06, 2.0], [11723.26, 4.56], [11723.8, 9.8], [11741.06, 0.56], [11781.0, 0.005]], "ts": 1596947831132}
{"bids": [[11715.59, 0.04568364], [11715.58, 2.0], [11715.57, 2e-05], [11715.56, 2e-05], [11714.19, 0.319], [11713.55, 0.2], [11712.99, 0.557], [11711.57, 0.12794737], [11711.46, 4.9]], "asks": [[11716.4, 0.20744608], [11717.97, 0.04719475], [11717.98, 2.0], [11718.36, 4.9], [11719.73, 1.04430791], [11720.06, 2.0], [11723.26, 4.56], [11723.8, 9.8], [11741.06, 0.56], [11781.0, 0.005]], "ts": 1596947831134}
{"bids": [[11715.59, 0.04568364], [11715.58, 2.0], [11715.57, 2e-05], [11715.56, 2e-05], [11714.19, 0.319], [11713.55, 0.2], [11712.99, 0.557], [11711.57, 0.12794737], [11711.46, 4.9]], "asks": [[11716.4, 0.20744608], [11717.98, 2.0], [11718.36, 4.9], [11719.73, 1.04430791], [11720.06, 2.0], [11723.26, 4.56], [11723.8, 9.8], [11741.06, 0.56], [11781.0, 0.005]], "ts": 1596947831135}
{"bids": [[11715.59, 0.04568364], [11715.58, 2.0], [11715.57, 2e-05], [11715.56, 2e-05], [11714.19, 0.319], [11713.55, 0.2], [11712.99, 0.557], [11711.57, 0.12794737], [11711.46, 4.9]], "asks": [[11716.4, 0.20744608], [11717.98, 2.0], [11718.35, 0.04568364], [11718.36, 4.9], [11719.73, 1.04430791], [11720.06, 2.0], [11723.26, 4.56], [11723.8, 9.8], [11741.06, 0.56], [11781.0, 0.005]], "ts": 1596947831137}
{"bids": [[11715.59, 0.04568364], [11715.58, 2.0], [11715.57, 2e-05], [11715.56, 2e-05], [11714.19, 0.319], [11713.55, 0.2], [11712.99, 0.557], [11711.57, 0.12794737], [11711.46, 4.9]], "asks": [[11716.4, 0.20744608], [11717.98, 2.0], [11718.36, 4.9], [11719.73, 1.04430791], [11720.06, 2.0], [11723.26, 4.56], [11723.8, 9.8], [11741.06, 0.56], [11781.0, 0.005]], "ts": 1596947831138}
{"bids": [[11715.59, 0.04568364], [11715.57, 2e-05], [11715.56, 2e-05], [11714.19, 0.319], [11713.55, 0.2], [11712.99, 0.557], [11711.57, 0.12794737], [11711.46, 4.9]], "asks": [[11716.4, 0.20744608], [11717.98, 2.0], [11718.36, 4.9], [11719.73, 1.04430791], [11720.06, 2.0], [11723.26, 4.56], [11723.8, 9.8], [11741.06, 0.56], [11781.0, 0.005]], "ts": 1596947832336}
{"bids": [[11715.57, 2e-05], [11715.56, 2e-05], [11714.19, 0.319], [11713.55, 0.2], [11712.99, 0.557], [11711.57, 0.12794737], [11711.46, 4.9]], "asks": [[11716.4, 0.20744608], [11717.98, 2.0], [11718.36, 4.9], [11719.73, 1.04430791], [11720.06, 2.0], [11723.26, 4.56], [11723.8, 9.8], [11741.06, 0.56], [11781.0, 0.005]], "ts": 1596947832337}
{"bids": [[11715.57, 2e-05], [11715.56, 2e-05], [11714.2, 0.04546875], [11714.19, 0.319], [11713.55, 0.2], [11712.99, 0.557], [11711.57, 0.12794737], [11711.46, 4.9]], "asks": [[11716.4, 0.20744608], [11717.98, 2.0], [11718.36, 4.9], [11719.73, 1.04430791], [11720.06, 2.0], [11723.26, 4.56], [11723.8, 9.8], [11741.06, 0.56], [11781.0, 0.005]], "ts": 1596947832339}
{"bids": [[11715.57, 2e-05], [11715.56, 2e-05], [11714.2, 0.04546875], [11714.19, 0.319], [11713.55, 0.2], [11712.99, 0.557], [11711.57, 0.12794737], [11711.46, 4.9]], "asks": [[11716.4, 0.20744608], [11717.97, 0.04546875], [11717.98, 2.0], [11718.36, 4.9], [11719.73, 1.04430791], [11720.06, 2.0], [11723.26, 4.56], [11723.8, 9.8], [11741.06, 0.56], [11781.0, 0.005]], "ts": 1596947832340}
{"bids": [[11715.57, 2e-05], [11715.56, 2e-05], [11714.64, 2.0], [11714.2, 0.04546875], [11714.19, 0.319], [11713.55, 0.2], [11712.99, 0.557], [11711.57, 0.12794737], [11711.46, 4.9]], "asks": [[11716.4, 0.20744608], [11717.97, 0.04546875], [11717.98, 2.0], [11718.36, 4.9], [11719.73, 1.04430791], [11720.06, 2.0], [11723.26, 4.56], [11723.8, 9.8], [11741.06, 0.56], [11781.0, 0.005]], "ts": 1596947832656}
{"bids": [[11715.57, 2e-05], [11715.56, 2e-05], [11714.64, 2.0], [11714.19, 0.319], [11713.55, 0.2], [11712.99, 0.557], [11711.57, 0.12794737], [11711.46, 4.9]], "asks": [[11716.4, 0.20744608], [11717.97, 0.04546875], [11717.98, 2.0], [11718.36, 4.9], [11719.73, 1.04430791], [11720.06, 2.0], [11723.26, 4.56], [11723.8, 9.8], [11741.06, 0.56], [11781.0, 0.005]], "ts": 1596947832664}
{"bids": [[11715.57, 2e-05], [11715.56, 2e-05], [11714.64, 2.0], [11714.19, 0.319], [11713.55, 0.2], [11712.99, 0.557], [11711.57, 0.12794737], [11711.46, 4.9]], "asks": [[11716.39, 0.04546875], [11716.4, 0.20744608], [11717.97, 0.04546875], [11717.98, 2.0], [11718.36, 4.9], [11719.73, 1.04430791], [11720.06, 2.0], [11723.26, 4.56], [11723.8, 9.8], [11741.06, 0.56]], "ts": 1596947832666}
{"bids": [[11715.57, 2e-05], [11715.56, 2e-05], [11714.64, 2.0], [11714.19, 0.319], [11713.55, 0.2], [11712.99, 0.557], [11711.57, 0.12794737], [11711.46, 4.9]], "asks": [[11716.39, 0.04546875], [11716.4, 0.20744608], [11717.98, 2.0], [11718.36, 4.9], [11719.73, 1.04430791], [11720.06, 2.0], [11723.26, 4.56], [11723.8, 9.8], [11741.06, 0.56]], "ts": 1596947832667}
{"bids": [[11715.57, 2e-05], [11715.56, 2e-05], [11714.64, 2.0], [11714.19, 0.319], [11713.55, 0.2], [11712.99, 0.557], [11711.57, 0.12794737], [11711.46, 4.9]], "asks": [[11716.4, 0.20744608], [11717.98, 2.0], [11718.36, 4.9], [11719.73, 1.04430791], [11720.06, 2.0], [11723.26, 4.56], [11723.8, 9.8], [11741.06, 0.56]], "ts": 1596947832674}
{"bids": [[11715.57, 2e-05], [11715.56, 2e-05], [11714.64, 2.0], [11714.19, 0.319], [11713.55, 0.2], [11712.99, 0.557], [11711.57, 0.12794737], [11711.46, 4.9]], "asks": [[11716.4, 0.00744608], [11717.98, 2.0], [11718.36, 4.9], [11719.73, 1.04430791], [11720.06, 2.0], [11723.26, 4.56], [11723.8, 9.8], [11741.06, 0.56]], "ts": 1596947832676}
{"bids": [[11715.57, 2e-05], [11715.56, 2e-05], [11714.64, 2.0], [11714.19, 0.319], [11713.55, 0.2], [11712.99, 0.557], [11711.57, 0.12794737], [11711.46, 4.9]], "asks": [[11716.4, 0.00744608], [11717.97, 0.04546875], [11717.98, 2.0], [11718.36, 4.9], [11719.73, 1.04430791], [11720.06, 2.0], [11723.26, 4.56], [11723.8, 9.8], [11741.06, 0.56]], "ts": 1596947832677}
{"bids": [[11715.57, 2e-05], [11715.56, 2e-05], [11714.64, 2.0], [11714.19, 0.319], [11713.55, 0.2], [11712.99, 0.557], [11711.57, 0.12794737], [11711.46, 4.9]], "asks": [[11716.39, 0.2], [11716.4, 0.00744608], [11717.97, 0.04546875], [11717.98, 2.0], [11718.36, 4.9], [11719.73, 1.04430791], [11720.06, 2.0], [11723.26, 4.56], [11723.8, 9.8], [11741.06, 0.56]], "ts": 1596947832678}
{"bids": [[11715.57, 2e-05], [11715.56, 2e-05], [11714.64, 2.0], [11714.19, 0.319], [11713.55, 0.2], [11712.99, 0.557], [11711.57, 0.12794737], [11711.46, 4.9]], "asks": [[11716.39, 0.2], [11717.97, 0.04546875], [11717.98, 2.0], [11718.36, 4.9], [11719.73, 1.04430791], [11720.06, 2.0], [11723.26, 4.56], [11723.8, 9.8], [11741.06, 0.56]], "ts": 1596947832679}
{"bids": [[11715.57, 2e-05], [11715.56, 2e-05], [11714.64, 2.0], [11714.19, 0.319], [11713.55, 0.2], [11712.99, 0.557], [11711.57, 0.12794737], [11711.46, 4.9]], "asks": [[11716.39, 0.20744608], [11717.97, 0.04546875], [11717.98, 2.0], [11718.36, 4.9], [11719.73, 1.04430791], [11720.06, 2.0], [11723.26, 4.56], [11723.8, 9.8], [11741.06, 0.56]], "ts": 1596947832688}
{"bids": [[11715.57, 2e-05], [11715.56, 2e-05], [11714.64, 2.0], [11714.19, 0.319], [11713.55, 0.2], [11712.99, 0.557], [11711.57, 0.12794737], [11711.46, 4.9]], "asks": [[11716.39, 0.20744608], [11717.97, 0.04546875], [11717.98, 2.0], [11718.36, 4.9], [11719.73, 1.04430791], [11720.06, 2.0], [11723.26, 4.56], [11723.8, 9.8], [11741.06, 0.56]], "ts": 1596947834076}
{"bids": [[11715.57, 2e-05], [11715.56, 2e-05], [11714.64, 2.0], [11714.19, 0.319], [11713.55, 0.2], [11712.99, 0.557], [11711.57, 0.12794737], [11711.46, 4.9]], "asks": [[11716.39, 0.2], [11717.97, 0.04546875], [11717.98, 2.0], [11718.36, 4.9], [11719.73, 1.04430791], [11720.06, 2.0], [11723.26, 4.56], [11723.8, 9.8], [11741.06, 0.56]], "ts": 1596947836434}
{"bids": [[11715.57, 2e-05], [11715.56, 2e-05], [11714.65, 0.04896761], [11714.64, 2.0], [11714.19, 0.319], [11713.55, 0.2], [11712.99, 0.557], [11711.57, 0.12794737], [11711.46, 4.9]], "asks": [[11716.39, 0.2], [11717.97, 0.04546875], [11717.98, 2.0], [11718.36, 4.9], [11719.73, 1.04430791], [11720.06, 2.0], [11723.26, 4.56], [11723.8, 9.8], [11741.06, 0.56]], "ts": 1596947836436}
{"bids": [[11715.57, 2e-05], [11715.56, 2e-05], [11714.65, 0.04896761], [11714.64, 2.0], [11714.19, 0.319], [11713.55, 0.2], [11712.99, 0.557], [11711.57, 0.12794737], [11711.46, 4.9]], "asks": [[11716.39, 0.20685175], [11717.97, 0.04546875], [11717.98, 2.0], [11718.36, 4.9], [11719.73, 1.04430791], [11720.06, 2.0], [11723.26, 4.56], [11723.8, 9.8], [11741.06, 0.56]], "ts": 1596947836438}
{"bids": [[11715.57, 2e-05], [11715.56, 2e-05], [11714.65, 0.04896761], [11714.64, 2.0], [11714.19, 0.319], [11713.55, 0.2], [11712.99, 0.557], [11711.57, 0.12794737], [11711.46, 4.9]], "asks": [[11716.39, 0.21182258], [11717.97, 0.04546875], [11717.98, 2.0], [11718.36, 4.9], [11719.73, 1.04430791], [11720.06, 2.0], [11723.26, 4.56], [11723.8, 9.8], [11741.06, 0.56]], "ts": 1596947836602}
{"bids": [[11715.57, 2e-05], [11715.56, 2e-05], [11714.65, 0.04896761], [11714.64, 2.0], [11714.19, 0.319], [11713.55, 0.2], [11712.99, 0.557], [11711.57, 0.12794737], [11711.46, 4.9]], "asks": [[11716.39, 0.21182258], [11717.97, 0.04546875], [11717.98, 2.0], [11718.36, 4.9], [11719.73, 1.04430791], [11720.06, 2.0], [11723.26, 4.56], [11723.8, 9.8], [11741.06, 0.56]], "ts": 1596947836903}
{"bids": [[11715.57, 2e-05], [11715.56, 2e-05], [11714.65, 0.04896761], [11714.64, 2.0], [11714.19, 0.319], [11713.55, 0.2], [11712.99, 0.557], [11711.57, 0.12794737], [11711.46, 4.9]], "asks": [[11716.39, 0.24563936], [11717.97, 0.04546875], [11717.98, 2.0], [11718.36, 4.9], [11719.73, 1.04430791], [11720.06, 2.0], [11723.26, 4.56], [11723.8, 9.8], [11741.06, 0.56]], "ts": 1596947837028}
{"bids": [[11715.57, 2e-05], [11715.56, 2e-05], [11714.65, 0.04896761], [11714.64, 2.0], [11714.19, 0.319], [11713.55, 0.2], [11712.99, 0.557], [11711.57, 0.12794737], [11711.46, 4.9]], "asks": [[11716.39, 0.24563936], [11717.97, 0.04546875], [11717.98, 2.0], [11718.36, 4.9], [11719.73, 1.04430791], [11720.06, 2.0], [11723.26, 4.56], [11723.8, 9.8], [11741.06, 0.56], [11741.44, 0.271]], "ts": 1596947837153}
{"bids": [[11715.57, 2e-05], [11715.56, 2e-05], [11714.65, 0.04896761], [11714.64, 2.0], [11714.19, 0.319], [11713.55, 0.2], [11712.99, 0.557], [11711.57, 0.12794737], [11711.46, 4.9]], "asks": [[11716.39, 0.24563936], [11717.97, 0.04546875], [11717.98, 2.0], [11718.36, 4.9], [11719.73, 1.04430791], [11720.06, 2.0], [11723.26, 4.56], [11723.8, 9.8], [11724.5, 0.95], [11741.06, 0.56]], "ts": 1596947837337}
{"bids": [[11715.57, 2e-05], [11715.56, 2e-05], [11714.65, 0.04896761], [11714.64, 2.0], [11714.19, 0.319], [11713.55, 0.2], [11712.99, 0.557], [11711.57, 0.12794737]], "asks": [[11716.39, 0.24563936], [11717.97, 0.04546875], [11717.98, 2.0], [11718.36, 4.9], [11719.73, 1.04430791], [11720.06, 2.0], [11723.26, 4.56], [11723.8, 9.8], [11724.5, 0.95], [11741.06, 0.56]], "ts": 1596947838992}
{"bids": [[11715.57, 2e-05], [11715.56, 2e-05], [11714.65, 0.04896761], [11714.64, 2.0], [11714.19, 0.319], [11713.55, 0.2], [11712.99, 0.557], [11711.57, 0.12794737]], "asks": [[11716.39, 0.24563936], [11717.97, 0.04546875], [11717.98, 2.0], [11719.73, 1.04430791], [11720.06, 2.0], [11723.26, 4.56], [11723.8, 9.8], [11724.5, 0.95], [11741.06, 0.56]], "ts": 1596947838995}
{"bids": [[11715.57, 2e-05], [11715.56, 2e-05], [11714.65, 0.04896761], [11714.64, 2.0], [11714.19, 0.319], [11712.99, 0.557], [11711.57, 0.12794737]], "asks": [[11716.39, 0.24563936], [11717.97, 0.04546875], [11717.98, 2.0], [11719.73, 1.04430791], [11720.06, 2.0], [11723.26, 4.56], [11723.8, 9.8], [11724.5, 0.95], [11741.06, 0.56]], "ts": 1596947838996}
{"bids": [[11715.57, 2e-05], [11715.56, 2e-05], [11714.65, 0.04896761], [11714.64, 2.0], [11714.19, 0.319], [11712.99, 0.557], [11711.57, 0.12794737]], "asks": [[11716.39, 0.04563936], [11717.97, 0.04546875], [11717.98, 2.0], [11719.73, 1.04430791], [11720.06, 2.0], [11723.26, 4.56], [11723.8, 9.8], [11724.5, 0.95], [11741.06, 0.56]], "ts": 1596947838998}
{"bids": [[11715.57, 2e-05], [11715.56, 2e-05], [11714.65, 0.04896761], [11714.64, 2.0], [11714.19, 0.319], [11712.99, 0.557], [11711.57, 0.12794737]], "asks": [[11716.39, 0.04563936], [11717.97, 0.04546875], [11717.98, 2.0], [11719.73, 1.04430791], [11720.06, 2.0], [11723.26, 4.56], [11723.8, 9.8], [11724.5, 0.95], [11741.06, 0.56]], "ts": 1596947838999}
{"bids": [[11715.57, 2e-05], [11715.56, 2e-05], [11714.65, 0.04896761], [11714.64, 2.0], [11714.19, 0.319], [11712.99, 0.557], [11711.57, 0.12794737]], "asks": [[11716.39, 0.04563936], [11717.98, 2.0], [11719.73, 1.04430791], [11720.06, 2.0], [11723.26, 4.56], [11723.8, 9.8], [11724.5, 0.95], [11741.06, 0.56]], "ts": 1596947839006}
{"bids": [[11715.57, 2e-05], [11715.56, 2e-05], [11714.65, 0.04896761], [11714.64, 2.0], [11714.19, 0.319], [11712.99, 0.557], [11711.57, 0.12794737]], "asks": [[11716.39, 0.04563936], [11717.98, 2.0], [11719.73, 1.04430791], [11720.06, 2.0], [11723.26, 4.56], [11724.5, 0.95], [11741.06, 0.56]], "ts": 1596947839008}
{"bids": [[11715.57, 2e-05], [11715.56, 2e-05], [11714.65, 0.04896761], [11714.64, 2.0], [11714.19, 0.319], [11712.99, 0.557], [11712.55, 4.9], [11711.57, 0.12794737]], "asks": [[11716.39, 0.04563936], [11717.98, 2.0], [11719.73, 1.04430791], [11720.06, 2.0], [11723.26, 4.56], [11724.5, 0.95], [11741.06, 0.56]], "ts": 1596947839009}
{"bids": [[11715.57, 2e-05], [11715.56, 2e-05], [11714.65, 0.04896761], [11714.64, 2.0], [11714.19, 0.319], [11712.99, 0.557], [11712.55, 4.9], [11711.57, 0.12794737]], "asks": [[11716.39, 0.04563936], [11717.98, 2.0], [11719.46, 4.9], [11719.73, 1.04430791], [11720.06, 2.0], [11723.26, 4.56], [11724.5, 0.95], [11741.06, 0.56]], "ts": 1596947839010}
{"bids": [[11715.57, 2e-05], [11715.56, 2e-05], [11714.65, 0.24896761], [11714.64, 2.0], [11714.19, 0.319], [11712.99, 0.557], [11712.55, 4.9], [11711.57, 0.12794737]], "asks": [[11716.39, 0.04563936], [11717.98, 2.0], [11719.46, 4.9], [11719.73, 1.04430791], [11720.06, 2.0], [11723.26, 4.56], [11724.5, 0.95], [11741.06, 0.56]], "ts": 1596947839012}
{"bids": [[11715.57, 2e-05], [11715.56, 2e-05], [11714.66, 0.04900468], [11714.65, 0.24896761], [11714.64, 2.0], [11714.19, 0.319], [11712.99, 0.557], [11712.55, 4.9], [11711.57, 0.12794737]], "asks": [[11716.39, 0.04563936], [11717.98, 2.0], [11719.46, 4.9], [11719.73, 1.04430791], [11720.06, 2.0], [11723.26, 4.56], [11724.5, 0.95], [11741.06, 0.56]], "ts": 1596947839013}
{"bids": [[11715.57, 2e-05], [11715.56, 2e-05], [11714.66, 0.04900468], [11714.65, 0.2], [11714.64, 2.0], [11714.19, 0.319], [11712.99, 0.557], [11712.55, 4.9], [11711.57, 0.12794737]], "asks": [[11716.39, 0.04563936], [11717.98, 2.0], [11719.46, 4.9], [11719.73, 1.04430791], [11720.06, 2.0], [11723.26, 4.56], [11724.5, 0.95], [11741.06, 0.56]], "ts": 1596947839014}
{"bids": [[11715.57, 2e-05], [11715.56, 2e-05], [11714.66, 0.04900468], [11714.65, 0.2], [11714.64, 2.0], [11714.19, 0.319], [11712.99, 0.557], [11712.55, 4.9], [11711.57, 0.12794737]], "asks": [[11716.39, 0.04563936], [11717.37, 0.2], [11717.98, 2.0], [11719.46, 4.9], [11719.73, 1.04430791], [11720.06, 2.0], [11723.26, 4.56], [11724.5, 0.95], [11741.06, 0.56]], "ts": 1596947839015}
{"bids": [[11715.57, 2e-05], [11715.56, 2e-05], [11714.66, 0.04900468], [11714.65, 0.2], [11714.64, 2.0], [11714.19, 0.319], [11712.99, 0.557], [11712.55, 4.9], [11711.57, 0.12794737], [11706.11, 9.8]], "asks": [[11716.39, 0.04563936], [11717.37, 0.2], [11717.98, 2.0], [11719.46, 4.9], [11719.73, 1.04430791], [11720.06, 2.0], [11723.26, 4.56], [11724.5, 0.95], [11741.06, 0.56]], "ts": 1596947839016}
{"bids": [[11715.57, 2e-05], [11715.56, 2e-05], [11714.66, 0.04900468], [11714.65, 0.2], [11714.64, 2.0], [11714.19, 0.319], [11712.99, 0.557], [11712.55, 4.9], [11711.57, 0.12794737], [11706.11, 9.8]], "asks": [[11716.39, 0.04563936], [11717.37, 0.2], [11717.98, 2.0], [11719.46, 4.9], [11719.73, 1.04430791], [11720.06, 2.0], [11723.26, 4.56], [11724.5, 0.95], [11725.91, 9.8], [11741.06, 0.56]], "ts": 1596947839018}
{"bids": [[11715.57, 2e-05], [11715.56, 2e-05], [11714.66, 0.04900468], [11714.65, 0.2], [11714.64, 2.0], [11714.19, 0.319], [11712.99, 0.557], [11712.55, 4.9], [11711.57, 0.12794737], [11706.11, 9.8]], "asks": [[11716.39, 0.04563936], [11717.37, 0.2], [11719.46, 4.9], [11719.73, 1.04430791], [11720.06, 2.0], [11723.26, 4.56], [11724.5, 0.95], [11725.91, 9.8], [11741.06, 0.56]], "ts": 1596947839724}
{"bids": [[11715.57, 2e-05], [11715.56, 2e-05], [11714.66, 0.04900468], [11714.65, 0.2], [11714.64, 2.0], [11714.19, 0.319], [11712.99, 0.557], [11711.57, 0.12794737], [11706.11, 9.8]], "asks": [[11716.39, 0.04563936], [11717.37, 0.2], [11719.46, 4.9], [11719.73, 1.04430791], [11720.06, 2.0], [11723.26, 4.56], [11724.5, 0.95], [11725.91, 9.8], [11741.06, 0.56]], "ts": 1596947839736}
{"bids": [[11715.57, 2e-05], [11715.56, 2e-05], [11714.66, 0.04900468], [11714.65, 0.2], [11714.64, 2.0], [11714.19, 0.319], [11712.99, 0.557], [11711.57, 0.12794737], [11706.11, 9.8]], "asks": [[11716.39, 0.04563936], [11717.37, 0.2], [11719.73, 1.04430791], [11720.06, 2.0], [11723.26, 4.56], [11724.5, 0.95], [11725.91, 9.8], [11741.06, 0.56]], "ts": 1596947839738}
{"bids": [[11715.57, 2e-05], [11715.56, 2e-05], [11714.66, 0.04900468], [11714.64, 2.0], [11714.19, 0.319], [11712.99, 0.557], [11711.57, 0.12794737], [11706.11, 9.8]], "asks": [[11716.39, 0.04563936], [11717.37, 0.2], [11719.73, 1.04430791], [11720.06, 2.0], [11723.26, 4.56], [11724.5, 0.95], [11725.91, 9.8], [11741.06, 0.56]], "ts": 1596947839739}
{"bids": [[11715.57, 2e-05], [11715.56, 2e-05], [11714.66, 0.04900468], [11714.64, 2.0], [11714.19, 0.319], [11712.99, 0.557], [11711.57, 0.12794737], [11706.11, 9.8]], "asks": [[11716.39, 0.04563936], [11719.73, 1.04430791], [11720.06, 2.0], [11723.26, 4.56], [11724.5, 0.95], [11725.91, 9.8], [11741.06, 0.56]], "ts": 1596947839740}
{"bids": [[11715.57, 2e-05], [11715.56, 2e-05], [11714.66, 0.04900468], [11714.64, 2.0], [11714.19, 0.319], [11713.5, 4.9], [11712.99, 0.557], [11711.57, 0.12794737], [11706.11, 9.8]], "asks": [[11716.39, 0.04563936], [11719.73, 1.04430791], [11720.06, 2.0], [11723.26, 4.56], [11724.5, 0.95], [11725.91, 9.8], [11741.06, 0.56]], "ts": 1596947839764}
{"bids": [[11715.57, 2e-05], [11715.56, 2e-05], [11714.66, 0.04900468], [11714.64, 2.0], [11714.19, 0.319], [11713.5, 4.9], [11712.99, 0.557], [11711.57, 0.12794737], [11706.11, 9.8]], "asks": [[11716.39, 0.04563936], [11719.73, 1.04430791], [11720.06, 2.0], [11720.41, 4.9], [11723.26, 4.56], [11724.5, 0.95], [11725.91, 9.8], [11741.06, 0.56]], "ts": 1596947839765}
{"bids": [[11715.57, 2e-05], [11715.56, 2e-05], [11714.67, 0.2], [11714.66, 0.04900468], [11714.64, 2.0], [11714.19, 0.319], [11713.5, 4.9], [11712.99, 0.557], [11711.57, 0.12794737], [11706.11, 9.8]], "asks": [[11716.39, 0.04563936], [11719.73, 1.04430791], [11720.06, 2.0], [11720.41, 4.9], [11723.26, 4.56], [11724.5, 0.95], [11725.91, 9.8], [11741.06, 0.56]], "ts": 1596947839766}
{"bids": [[11715.57, 2e-05], [11715.56, 2e-05], [11714.68, 0.04794972], [11714.67, 0.2], [11714.66, 0.04900468], [11714.64, 2.0], [11714.19, 0.319], [11713.5, 4.9], [11712.99, 0.557], [11711.57, 0.12794737]], "asks": [[11716.39, 0.04563936], [11719.73, 1.04430791], [11720.06, 2.0], [11720.41, 4.9], [11723.26, 4.56], [11724.5, 0.95], [11725.91, 9.8], [11741.06, 0.56]], "ts": 1596947839768}
{"bids": [[11715.57, 2e-05], [11715.56, 2e-05], [11714.68, 0.04794972], [11714.67, 0.2], [11714.64, 2.0], [11714.19, 0.319], [11713.5, 4.9], [11712.99, 0.557], [11711.57, 0.12794737]], "asks": [[11716.39, 0.04563936], [11719.73, 1.04430791], [11720.06, 2.0], [11720.41, 4.9], [11723.26, 4.56], [11724.5, 0.95], [11725.91, 9.8], [11741.06, 0.56]], "ts": 1596947839774}
{"bids": [[11715.57, 2e-05], [11715.56, 2e-05], [11714.68, 0.04794972], [11714.67, 0.2], [11714.64, 2.0], [11714.19, 0.319], [11713.5, 4.9], [11712.99, 0.557], [11711.57, 0.12794737]], "asks": [[11716.39, 0.04563936], [11718.32, 0.2], [11719.73, 1.04430791], [11720.06, 2.0], [11720.41, 4.9], [11723.26, 4.56], [11724.5, 0.95], [11725.91, 9.8], [11741.06, 0.56]], "ts": 1596947839775}
{"bids": [[11715.57, 2e-05], [11715.56, 2e-05], [11714.68, 0.04794972], [11714.64, 2.0], [11714.19, 0.319], [11713.5, 4.9], [11712.99, 0.557], [11711.57, 0.12794737]], "asks": [[11716.39, 0.04563936], [11718.32, 0.2], [11719.73, 1.04430791], [11720.06, 2.0], [11720.41, 4.9], [11723.26, 4.56], [11724.5, 0.95], [11725.91, 9.8], [11741.06, 0.56]], "ts": 1596947839776}
{"bids": [[11715.57, 2e-05], [11715.56, 2e-05], [11714.69, 0.2], [11714.68, 0.04794972], [11714.64, 2.0], [11714.19, 0.319], [11713.5, 4.9], [11712.99, 0.557], [11711.57, 0.12794737]], "asks": [[11716.39, 0.04563936], [11718.32, 0.2], [11719.73, 1.04430791], [11720.06, 2.0], [11720.41, 4.9], [11723.26, 4.56], [11724.5, 0.95], [11725.91, 9.8], [11741.06, 0.56]], "ts": 1596947839810}
{"bids": [[11715.57, 2e-05], [11715.56, 2e-05], [11714.7, 0.04794972], [11714.69, 0.2], [11714.68, 0.04794972], [11714.64, 2.0], [11714.19, 0.319], [11713.5, 4.9], [11712.99, 0.557], [11711.57, 0.12794737]], "asks": [[11716.39, 0.04563936], [11718.32, 0.2], [11719.73, 1.04430791], [11720.06, 2.0], [11720.41, 4.9], [11723.26, 4.56], [11724.5, 0.95], [11725.91, 9.8], [11741.06, 0.56]], "ts": 1596947839812}
{"bids": [[11715.57, 2e-05], [11715.56, 2e-05], [11714.7, 0.04794972], [11714.69, 0.2], [11714.64, 2.0], [11714.19, 0.319], [11713.5, 4.9], [11712.99, 0.557], [11711.57, 0.12794737]], "asks": [[11716.39, 0.04563936], [11718.32, 0.2], [11719.73, 1.04430791], [11720.06, 2.0], [11720.41, 4.9], [11723.26, 4.56], [11724.5, 0.95], [11725.91, 9.8], [11741.06, 0.56]], "ts": 1596947839815}
{"bids": [[11715.57, 2e-05], [11715.56, 2e-05], [11714.7, 0.04794972], [11714.64, 2.0], [11714.19, 0.319], [11713.5, 4.9], [11712.99, 0.557], [11711.57, 0.12794737]], "asks": [[11716.39, 0.04563936], [11718.32, 0.2], [11719.73, 1.04430791], [11720.06, 2.0], [11720.41, 4.9], [11723.26, 4.56], [11724.5, 0.95], [11725.91, 9.8], [11741.06, 0.56]], "ts": 1596947839816}
{"bids": [[11715.57, 2e-05], [11715.56, 2e-05], [11714.71, 0.2], [11714.7, 0.04794972], [11714.64, 2.0], [11714.19, 0.319], [11713.5, 4.9], [11712.99, 0.557], [11711.57, 0.12794737]], "asks": [[11716.39, 0.04563936], [11718.32, 0.2], [11719.73, 1.04430791], [11720.06, 2.0], [11720.41, 4.9], [11723.26, 4.56], [11724.5, 0.95], [11725.91, 9.8], [11741.06, 0.56]], "ts": 1596947839866}
{"bids": [[11715.57, 2e-05], [11715.56, 2e-05], [11714.72, 0.04794972], [11714.71, 0.2], [11714.7, 0.04794972], [11714.64, 2.0], [11714.19, 0.319], [11713.5, 4.9], [11712.99, 0.557], [11711.57, 0.12794737]], "asks": [[11716.39, 0.04563936], [11718.32, 0.2], [11719.73, 1.04430791], [11720.06, 2.0], [11720.41, 4.9], [11723.26, 4.56], [11724.5, 0.95], [11725.91, 9.8], [11741.06, 0.56]], "ts": 1596947839867}
{"bids": [[11715.57, 2e-05], [11715.56, 2e-05], [11714.72, 0.04794972], [11714.71, 0.2], [11714.64, 2.0], [11714.19, 0.319], [11713.5, 4.9], [11712.99, 0.557], [11711.57, 0.12794737]], "asks": [[11716.39, 0.04563936], [11718.32, 0.2], [11719.73, 1.04430791], [11720.06, 2.0], [11720.41, 4.9], [11723.26, 4.56], [11724.5, 0.95], [11725.91, 9.8], [11741.06, 0.56]], "ts": 1596947839876}
{"bids": [[11715.57, 2e-05], [11715.56, 2e-05], [11714.72, 0.04794972], [11714.64, 2.0], [11714.19, 0.319], [11713.5, 4.9], [11712.99, 0.557], [11711.57, 0.12794737]], "asks": [[11716.39, 0.04563936], [11718.32, 0.2], [11719.73, 1.04430791], [11720.06, 2.0], [11720.41, 4.9], [11723.26, 4.56], [11724.5, 0.95], [11725.91, 9.8], [11741.06, 0.56]], "ts": 1596947839877}
{"bids": [[11715.57, 2e-05], [11715.56, 2e-05], [11714.73, 0.2], [11714.72, 0.04794972], [11714.64, 2.0], [11714.19, 0.319], [11713.5, 4.9], [11712.99, 0.557], [11711.57, 0.12794737]], "asks": [[11716.39, 0.04563936], [11718.32, 0.2], [11719.73, 1.04430791], [11720.06, 2.0], [11720.41, 4.9], [11723.26, 4.56], [11724.5, 0.95], [11725.91, 9.8], [11741.06, 0.56]], "ts": 1596947839922}
{"bids": [[11715.57, 2e-05], [11715.56, 2e-05], [11714.74, 0.04794972], [11714.73, 0.2], [11714.72, 0.04794972], [11714.64, 2.0], [11714.19, 0.319], [11713.5, 4.9], [11712.99, 0.557], [11711.57, 0.12794737]], "asks": [[11716.39, 0.04563936], [11718.32, 0.2], [11719.73, 1.04430791], [11720.06, 2.0], [11720.41, 4.9], [11723.26, 4.56], [11724.5, 0.95], [11725.91, 9.8], [11741.06, 0.56]], "ts": 1596947839924}
{"bids": [[11715.57, 2e-05], [11715.56, 2e-05], [11714.74, 0.04794972], [11714.73, 0.2], [11714.64, 2.0], [11714.19, 0.319], [11713.5, 4.9], [11712.99, 0.557], [11711.57, 0.12794737]], "asks": [[11716.39, 0.04563936], [11718.32, 0.2], [11719.73, 1.04430791], [11720.06, 2.0], [11720.41, 4.9], [11723.26, 4.56], [11724.5, 0.95], [11725.91, 9.8], [11741.06, 0.56]], "ts": 1596947839925}
{"bids": [[11715.57, 2e-05], [11715.56, 2e-05], [11714.74, 0.04794972], [11714.64, 2.0], [11714.19, 0.319], [11713.5, 4.9], [11712.99, 0.557], [11711.57, 0.12794737]], "asks": [[11716.39, 0.04563936], [11718.32, 0.2], [11719.73, 1.04430791], [11720.06, 2.0], [11720.41, 4.9], [11723.26, 4.56], [11724.5, 0.95], [11725.91, 9.8], [11741.06, 0.56]], "ts": 1596947839927}
{"bids": [[11715.57, 2e-05], [11715.56, 2e-05], [11714.75, 0.2], [11714.74, 0.04794972], [11714.64, 2.0], [11714.19, 0.319], [11713.5, 4.9], [11712.99, 0.557], [11711.57, 0.12794737]], "asks": [[11716.39, 0.04563936], [11718.32, 0.2], [11719.73, 1.04430791], [11720.06, 2.0], [11720.41, 4.9], [11723.26, 4.56], [11724.5, 0.95], [11725.91, 9.8], [11741.06, 0.56]], "ts": 1596947839963}
{"bids": [[11715.57, 2e-05], [11715.56, 2e-05], [11714.76, 0.04794972], [11714.75, 0.2], [11714.74, 0.04794972], [11714.64, 2.0], [11714.19, 0.319], [11713.5, 4.9], [11712.99, 0.557], [11711.57, 0.12794737]], "asks": [[11716.39, 0.04563936], [11718.32, 0.2], [11719.73, 1.04430791], [11720.06, 2.0], [11720.41, 4.9], [11723.26, 4.56], [11724.5, 0.95], [11725.91, 9.8], [11741.06, 0.56]], "ts": 1596947839964}
{"bids": [[11715.57, 2e-05], [11715.56, 2e-05], [11714.76, 0.04794972], [11714.75, 0.2], [11714.64, 2.0], [11714.19, 0.319], [11713.5, 4.9], [11712.99, 0.557], [11711.57, 0.12794737]], "asks": [[11716.39, 0.04563936], [11718.32, 0.2], [11719.73, 1.04430791], [11720.06, 2.0], [11720.41, 4.9], [11723.26, 4.56], [11724.5, 0.95], [11725.91, 9.8], [11741.06, 0.56]], "ts": 1596947839975}
{"bids": [[11715.57, 2e-05], [11715.56, 2e-05], [11714.76, 0.04794972], [11714.64, 2.0], [11714.19, 0.319], [11713.5, 4.9], [11712.99, 0.557], [11711.57, 0.12794737]], "asks": [[11716.39, 0.04563936], [11718.32, 0.2], [11719.73, 1.04430791], [11720.06, 2.0], [11720.41, 4.9], [11723.26, 4.56], [11724.5, 0.95], [11725.91, 9.8], [11741.06, 0.56]], "ts": 1596947839976}
{"bids": [[11715.57, 2e-05], [11715.56, 2e-05], [11714.77, 0.2], [11714.76, 0.04794972], [11714.64, 2.0], [11714.19, 0.319], [11713.5, 4.9], [11712.99, 0.557], [11711.57, 0.12794737]], "asks": [[11716.39, 0.04563936], [11718.32, 0.2], [11719.73, 1.04430791], [11720.06, 2.0], [11720.41, 4.9], [11723.26, 4.56], [11724.5, 0.95], [11725.91, 9.8], [11741.06, 0.56]], "ts": 1596947840026}
{"bids": [[11715.57, 2e-05], [11715.56, 2e-05], [11714.78, 0.04794972], [11714.77, 0.2], [11714.76, 0.04794972], [11714.64, 2.0], [11714.19, 0.319], [11713.5, 4.9], [11712.99, 0.557], [11711.57, 0.12794737]], "asks": [[11716.39, 0.04563936], [11718.32, 0.2], [11719.73, 1.04430791], [11720.06, 2.0], [11720.41, 4.9], [11723.26, 4.56], [11724.5, 0.95], [11725.91, 9.8], [11741.06, 0.56]], "ts": 1596947840028}
{"bids": [[11715.57, 2e-05], [11715.56, 2e-05], [11714.78, 0.04794972], [11714.77, 0.2], [11714.64, 2.0], [11714.19, 0.319], [11713.5, 4.9], [11712.99, 0.557], [11711.57, 0.12794737]], "asks": [[11716.39, 0.04563936], [11718.32, 0.2], [11719.73, 1.04430791], [11720.06, 2.0], [11720.41, 4.9], [11723.26, 4.56], [11724.5, 0.95], [11725.91, 9.8], [11741.06, 0.56]], "ts": 1596947840030}
{"bids": [[11715.57, 2e-05], [11715.56, 2e-05], [11714.78, 0.04794972], [11714.64, 2.0], [11714.19, 0.319], [11713.5, 4.9], [11712.99, 0.557], [11711.57, 0.12794737]], "asks": [[11716.39, 0.04563936], [11718.32, 0.2], [11719.73, 1.04430791], [11720.06, 2.0], [11720.41, 4.9], [11723.26, 4.56], [11724.5, 0.95], [11725.91, 9.8], [11741.06, 0.56]], "ts": 1596947840031}
{"bids": [[11715.57, 2e-05], [11715.56, 2e-05], [11714.79, 0.2], [11714.78, 0.04794972], [11714.64, 2.0], [11714.19, 0.319], [11713.5, 4.9], [11712.99, 0.557], [11711.57, 0.12794737]], "asks": [[11716.39, 0.04563936], [11718.32, 0.2], [11719.73, 1.04430791], [11720.06, 2.0], [11720.41, 4.9], [11723.26, 4.56], [11724.5, 0.95], [11725.91, 9.8], [11741.06, 0.56]], "ts": 1596947840077}
{"bids": [[11715.57, 2e-05], [11715.56, 2e-05], [11714.8, 0.04794972], [11714.79, 0.2], [11714.78, 0.04794972], [11714.64, 2.0], [11714.19, 0.319], [11713.5, 4.9], [11712.99, 0.557], [11711.57, 0.12794737]], "asks": [[11716.39, 0.04563936], [11718.32, 0.2], [11719.73, 1.04430791], [11720.06, 2.0], [11720.41, 4.9], [11723.26, 4.56], [11724.5, 0.95], [11725.91, 9.8], [11741.06, 0.56]], "ts": 1596947840079}
{"bids": [[11715.57, 2e-05], [11715.56, 2e-05], [11714.8, 0.04794972], [11714.79, 0.2], [11714.64, 2.0], [11714.19, 0.319], [11713.5, 4.9], [11712.99, 0.557], [11711.57, 0.12794737]], "asks": [[11716.39, 0.04563936], [11718.32, 0.2], [11719.73, 1.04430791], [11720.06, 2.0], [11720.41, 4.9], [11723.26, 4.56], [11724.5, 0.95], [11725.91, 9.8], [11741.06, 0.56]], "ts": 1596947840080}
{"bids": [[11715.57, 2e-05], [11715.56, 2e-05], [11714.8, 0.04794972], [11714.64, 2.0], [11714.19, 0.319], [11713.5, 4.9], [11712.99, 0.557], [11711.57, 0.12794737]], "asks": [[11716.39, 0.04563936], [11718.32, 0.2], [11719.73, 1.04430791], [11720.06, 2.0], [11720.41, 4.9], [11723.26, 4.56], [11724.5, 0.95], [11725.91, 9.8], [11741.06, 0.56]], "ts": 1596947840082}
{"bids": [[11715.57, 2e-05], [11715.56, 2e-05], [11714.81, 0.2], [11714.8, 0.04794972], [11714.64, 2.0], [11714.19, 0.319], [11713.5, 4.9], [11712.99, 0.557], [11711.57, 0.12794737]], "asks": [[11716.39, 0.04563936], [11718.32, 0.2], [11719.73, 1.04430791], [11720.06, 2.0], [11720.41, 4.9], [11723.26, 4.56], [11724.5, 0.95], [11725.91, 9.8], [11741.06, 0.56]], "ts": 1596947840122}
{"bids": [[11715.57, 2e-05], [11715.56, 2e-05], [11714.82, 0.04794972], [11714.81, 0.2], [11714.8, 0.04794972], [11714.64, 2.0], [11714.19, 0.319], [11713.5, 4.9], [11712.99, 0.557], [11711.57, 0.12794737]], "asks": [[11716.39, 0.04563936], [11718.32, 0.2], [11719.73, 1.04430791], [11720.06, 2.0], [11720.41, 4.9], [11723.26, 4.56], [11724.5, 0.95], [11725.91, 9.8], [11741.06, 0.56]], "ts": 1596947840123}
{"bids": [[11715.57, 2e-05], [11715.56, 2e-05], [11714.82, 0.04794972], [11714.81, 0.2], [11714.64, 2.0], [11714.19, 0.319], [11713.5, 4.9], [11712.99, 0.557], [11711.57, 0.12794737]], "asks": [[11716.39, 0.04563936], [11718.32, 0.2], [11719.73, 1.04430791], [11720.06, 2.0], [11720.41, 4.9], [11723.26, 4.56], [11724.5, 0.95], [11725.91, 9.8], [11741.06, 0.56]], "ts": 1596947840133}
{"bids": [[11715.57, 2e-05], [11715.56, 2e-05], [11714.82, 0.04794972], [11714.64, 2.0], [11714.19, 0.319], [11713.5, 4.9], [11712.99, 0.557], [11711.57, 0.12794737]], "asks": [[11716.39, 0.04563936], [11718.32, 0.2], [11719.73, 1.04430791], [11720.06, 2.0], [11720.41, 4.9], [11723.26, 4.56], [11724.5, 0.95], [11725.91, 9.8], [11741.06, 0.56]], "ts": 1596947840135}
{"bids": [[11715.57, 2e-05], [11715.56, 2e-05], [11714.83, 0.2], [11714.82, 0.04794972], [11714.64, 2.0], [11714.19, 0.319], [11713.5, 4.9], [11712.99, 0.557], [11711.57, 0.12794737]], "asks": [[11716.39, 0.04563936], [11718.32, 0.2], [11719.73, 1.04430791], [11720.06, 2.0], [11720.41, 4.9], [11723.26, 4.56], [11724.5, 0.95], [11725.91, 9.8], [11741.06, 0.56]], "ts": 1596947840179}
{"bids": [[11715.57, 2e-05], [11715.56, 2e-05], [11714.84, 0.04794972], [11714.83, 0.2], [11714.82, 0.04794972], [11714.64, 2.0], [11714.19, 0.319], [11713.5, 4.9], [11712.99, 0.557], [11711.57, 0.12794737]], "asks": [[11716.39, 0.04563936], [11718.32, 0.2], [11719.73, 1.04430791], [11720.06, 2.0], [11720.41, 4.9], [11723.26, 4.56], [11724.5, 0.95], [11725.91, 9.8], [11741.06, 0.56]], "ts": 1596947840181}
{"bids": [[11715.57, 2e-05], [11715.56, 2e-05], [11714.84, 0.04794972], [11714.83, 0.2], [11714.64, 2.0], [11714.19, 0.319], [11713.5, 4.9], [11712.99, 0.557], [11711.57, 0.12794737]], "asks": [[11716.39, 0.04563936], [11718.32, 0.2], [11719.73, 1.04430791], [11720.06, 2.0], [11720.41, 4.9], [11723.26, 4.56], [11724.5, 0.95], [11725.91, 9.8], [11741.06, 0.56]], "ts": 1596947840182}
{"bids": [[11715.57, 2e-05], [11715.56, 2e-05], [11714.84, 0.04794972], [11714.64, 2.0], [11714.19, 0.319], [11713.5, 4.9], [11712.99, 0.557], [11711.57, 0.12794737]], "asks": [[11716.39, 0.04563936], [11718.32, 0.2], [11719.73, 1.04430791], [11720.06, 2.0], [11720.41, 4.9], [11723.26, 4.56], [11724.5, 0.95], [11725.91, 9.8], [11741.06, 0.56]], "ts": 1596947840184}
{"bids": [[11715.57, 2e-05], [11715.56, 2e-05], [11714.85, 0.2], [11714.84, 0.04794972], [11714.64, 2.0], [11714.19, 0.319], [11713.5, 4.9], [11712.99, 0.557], [11711.57, 0.12794737]], "asks": [[11716.39, 0.04563936], [11718.32, 0.2], [11719.73, 1.04430791], [11720.06, 2.0], [11720.41, 4.9], [11723.26, 4.56], [11724.5, 0.95], [11725.91, 9.8], [11741.06, 0.56]], "ts": 1596947840185}
{"bids": [[11715.57, 2e-05], [11715.56, 2e-05], [11714.86, 0.04794972], [11714.85, 0.2], [11714.84, 0.04794972], [11714.64, 2.0], [11714.19, 0.319], [11713.5, 4.9], [11712.99, 0.557], [11711.57, 0.12794737]], "asks": [[11716.39, 0.04563936], [11718.32, 0.2], [11719.73, 1.04430791], [11720.06, 2.0], [11720.41, 4.9], [11723.26, 4.56], [11724.5, 0.95], [11725.91, 9.8], [11741.06, 0.56]], "ts": 1596947840186}
{"bids": [[11715.57, 2e-05], [11715.56, 2e-05], [11714.86, 0.04794972], [11714.85, 0.2], [11714.64, 2.0], [11714.19, 0.319], [11713.5, 4.9], [11712.99, 0.557], [11711.57, 0.12794737]], "asks": [[11716.39, 0.04563936], [11718.32, 0.2], [11719.73, 1.04430791], [11720.06, 2.0], [11720.41, 4.9], [11723.26, 4.56], [11724.5, 0.95], [11725.91, 9.8], [11741.06, 0.56]], "ts": 1596947840199}
{"bids": [[11715.57, 2e-05], [11715.56, 2e-05], [11714.86, 0.04794972], [11714.64, 2.0], [11714.19, 0.319], [11713.5, 4.9], [11712.99, 0.557], [11711.57, 0.12794737]], "asks": [[11716.39, 0.04563936], [11718.32, 0.2], [11719.73, 1.04430791], [11720.06, 2.0], [11720.41, 4.9], [11723.26, 4.56], [11724.5, 0.95], [11725.91, 9.8], [11741.06, 0.56]], "ts": 1596947840200}
{"bids": [[11715.57, 2e-05], [11715.56, 2e-05], [11714.87, 0.2], [11714.86, 0.04794972], [11714.64, 2.0], [11714.19, 0.319], [11713.5, 4.9], [11712.99, 0.557], [11711.57, 0.12794737]], "asks": [[11716.39, 0.04563936], [11718.32, 0.2], [11719.73, 1.04430791], [11720.06, 2.0], [11720.41, 4.9], [11723.26, 4.56], [11724.5, 0.95], [11725.91, 9.8], [11741.06, 0.56]], "ts": 1596947840202}
{"bids": [[11715.57, 2e-05], [11715.56, 2e-05], [11714.88, 0.04794972], [11714.87, 0.2], [11714.86, 0.04794972], [11714.64, 2.0], [11714.19, 0.319], [11713.5, 4.9], [11712.99, 0.557], [11711.57, 0.12794737]], "asks": [[11716.39, 0.04563936], [11718.32, 0.2], [11719.73, 1.04430791], [11720.06, 2.0], [11720.41, 4.9], [11723.26, 4.56], [11724.5, 0.95], [11725.91, 9.8], [11741.06, 0.56]], "ts": 1596947840202}
{"bids": [[11715.57, 2e-05], [11715.56, 2e-05], [11714.88, 0.04794972], [11714.87, 0.2], [11714.64, 2.0], [11714.19, 0.319], [11713.5, 4.9], [11712.99, 0.557], [11711.57, 0.12794737]], "asks": [[11716.39, 0.04563936], [11718.32, 0.2], [11719.73, 1.04430791], [11720.06, 2.0], [11720.41, 4.9], [11723.26, 4.56], [11724.5, 0.95], [11725.91, 9.8], [11741.06, 0.56]], "ts": 1596947840215}
{"bids": [[11715.57, 2e-05], [11715.56, 2e-05], [11714.88, 0.04794972], [11714.64, 2.0], [11714.19, 0.319], [11713.5, 4.9], [11712.99, 0.557], [11711.57, 0.12794737]], "asks": [[11716.39, 0.04563936], [11718.32, 0.2], [11719.73, 1.04430791], [11720.06, 2.0], [11720.41, 4.9], [11723.26, 4.56], [11724.5, 0.95], [11725.91, 9.8], [11741.06, 0.56]], "ts": 1596947840216}
{"bids": [[11715.57, 2e-05], [11715.56, 2e-05], [11714.89, 0.2], [11714.88, 0.04794972], [11714.64, 2.0], [11714.19, 0.319], [11713.5, 4.9], [11712.99, 0.557], [11711.57, 0.12794737]], "asks": [[11716.39, 0.04563936], [11718.32, 0.2], [11719.73, 1.04430791], [11720.06, 2.0], [11720.41, 4.9], [11723.26, 4.56], [11724.5, 0.95], [11725.91, 9.8], [11741.06, 0.56]], "ts": 1596947840230}
{"bids": [[11715.57, 2e-05], [11715.56, 2e-05], [11714.9, 0.04794972], [11714.89, 0.2], [11714.88, 0.04794972], [11714.64, 2.0], [11714.19, 0.319], [11713.5, 4.9], [11712.99, 0.557], [11711.57, 0.12794737]], "asks": [[11716.39, 0.04563936], [11718.32, 0.2], [11719.73, 1.04430791], [11720.06, 2.0], [11720.41, 4.9], [11723.26, 4.56], [11724.5, 0.95], [11725.91, 9.8], [11741.06, 0.56]], "ts": 1596947840232}
{"bids": [[11715.57, 2e-05], [11715.56, 2e-05], [11714.9, 0.04794972], [11714.89, 0.2], [11714.64, 2.0], [11714.19, 0.319], [11713.5, 4.9], [11712.99, 0.557], [11711.57, 0.12794737]], "asks": [[11716.39, 0.04563936], [11718.32, 0.2], [11719.73, 1.04430791], [11720.06, 2.0], [11720.41, 4.9], [11723.26, 4.56], [11724.5, 0.95], [11725.91, 9.8], [11741.06, 0.56]], "ts": 1596947840233}
{"bids": [[11715.57, 2e-05], [11715.56, 2e-05], [11714.9, 0.04794972], [11714.64, 2.0], [11714.19, 0.319], [11713.5, 4.9], [11712.99, 0.557], [11711.57, 0.12794737]], "asks": [[11716.39, 0.04563936], [11718.32, 0.2], [11719.73, 1.04430791], [11720.06, 2.0], [11720.41, 4.9], [11723.26, 4.56], [11724.5, 0.95], [11725.91, 9.8], [11741.06, 0.56]], "ts": 1596947840234}
{"bids": [[11715.57, 2e-05], [11715.56, 2e-05], [11714.91, 0.2], [11714.9, 0.04794972], [11714.64, 2.0], [11714.19, 0.319], [11713.5, 4.9], [11712.99, 0.557], [11711.57, 0.12794737]], "asks": [[11716.39, 0.04563936], [11718.32, 0.2], [11719.73, 1.04430791], [11720.06, 2.0], [11720.41, 4.9], [11723.26, 4.56], [11724.5, 0.95], [11725.91, 9.8], [11741.06, 0.56]], "ts": 1596947840275}
{"bids": [[11715.57, 2e-05], [11715.56, 2e-05], [11714.92, 0.04794972], [11714.91, 0.2], [11714.9, 0.04794972], [11714.64, 2.0], [11714.19, 0.319], [11713.5, 4.9], [11712.99, 0.557], [11711.57, 0.12794737]], "asks": [[11716.39, 0.04563936], [11718.32, 0.2], [11719.73, 1.04430791], [11720.06, 2.0], [11720.41, 4.9], [11723.26, 4.56], [11724.5, 0.95], [11725.91, 9.8], [11741.06, 0.56]], "ts": 1596947840277}
{"bids": [[11715.57, 2e-05], [11715.56, 2e-05], [11714.92, 0.04794972], [11714.91, 0.2], [11714.64, 2.0], [11714.19, 0.319], [11713.5, 4.9], [11712.99, 0.557], [11711.57, 0.12794737]], "asks": [[11716.39, 0.04563936], [11718.32, 0.2], [11719.73, 1.04430791], [11720.06, 2.0], [11720.41, 4.9], [11723.26, 4.56], [11724.5, 0.95], [11725.91, 9.8], [11741.06, 0.56]], "ts": 1596947840278}
{"bids": [[11715.57, 2e-05], [11715.56, 2e-05], [11714.92, 0.04794972], [11714.64, 2.0], [11714.19, 0.319], [11713.5, 4.9], [11712.99, 0.557], [11711.57, 0.12794737]], "asks": [[11716.39, 0.04563936], [11718.32, 0.2], [11719.73, 1.04430791], [11720.06, 2.0], [11720.41, 4.9], [11723.26, 4.56], [11724.5, 0.95], [11725.91, 9.8], [11741.06, 0.56]], "ts": 1596947840279}
{"bids": [[11715.57, 2e-05], [11715.56, 2e-05], [11714.93, 0.2], [11714.92, 0.04794972], [11714.64, 2.0], [11714.19, 0.319], [11713.5, 4.9], [11712.99, 0.557], [11711.57, 0.12794737]], "asks": [[11716.39, 0.04563936], [11718.32, 0.2], [11719.73, 1.04430791], [11720.06, 2.0], [11720.41, 4.9], [11723.26, 4.56], [11724.5, 0.95], [11725.91, 9.8], [11741.06, 0.56]], "ts": 1596947840320}
{"bids": [[11715.57, 2e-05], [11715.56, 2e-05], [11714.94, 0.0438015], [11714.93, 0.2], [11714.92, 0.04794972], [11714.64, 2.0], [11714.19, 0.319], [11713.5, 4.9], [11712.99, 0.557], [11711.57, 0.12794737]], "asks": [[11716.39, 0.04563936], [11718.32, 0.2], [11719.73, 1.04430791], [11720.06, 2.0], [11720.41, 4.9], [11723.26, 4.56], [11724.5, 0.95], [11725.91, 9.8], [11741.06, 0.56]], "ts": 1596947840322}
{"bids": [[11715.57, 2e-05], [11715.56, 2e-05], [11714.94, 0.0438015], [11714.93, 0.2], [11714.64, 2.0], [11714.19, 0.319], [11713.5, 4.9], [11712.99, 0.557], [11711.57, 0.12794737]], "asks": [[11716.39, 0.04563936], [11718.32, 0.2], [11719.73, 1.04430791], [11720.06, 2.0], [11720.41, 4.9], [11723.26, 4.56], [11724.5, 0.95], [11725.91, 9.8], [11741.06, 0.56]], "ts": 1596947840333}
{"bids": [[11715.57, 2e-05], [11715.56, 2e-05], [11714.94, 0.0438015], [11714.64, 2.0], [11714.19, 0.319], [11713.5, 4.9], [11712.99, 0.557], [11711.57, 0.12794737]], "asks": [[11716.39, 0.04563936], [11718.32, 0.2], [11719.73, 1.04430791], [11720.06, 2.0], [11720.41, 4.9], [11723.26, 4.56], [11724.5, 0.95], [11725.91, 9.8], [11741.06, 0.56]], "ts": 1596947840335}
{"bids": [[11715.57, 2e-05], [11715.56, 2e-05], [11714.95, 0.2], [11714.94, 0.0438015], [11714.64, 2.0], [11714.19, 0.319], [11713.5, 4.9], [11712.99, 0.557], [11711.57, 0.12794737]], "asks": [[11716.39, 0.04563936], [11718.32, 0.2], [11719.73, 1.04430791], [11720.06, 2.0], [11720.41, 4.9], [11723.26, 4.56], [11724.5, 0.95], [11725.91, 9.8], [11741.06, 0.56]], "ts": 1596947840376}
{"bids": [[11715.57, 2e-05], [11715.56, 2e-05], [11714.96, 0.0438015], [11714.95, 0.2], [11714.94, 0.0438015], [11714.64, 2.0], [11714.19, 0.319], [11713.5, 4.9], [11712.99, 0.557], [11711.57, 0.12794737]], "asks": [[11716.39, 0.04563936], [11718.32, 0.2], [11719.73, 1.04430791], [11720.06, 2.0], [11720.41, 4.9], [11723.26, 4.56], [11724.5, 0.95], [11725.91, 9.8], [11741.06, 0.56]], "ts": 1596947840377}
{"bids": [[11715.57, 2e-05], [11715.56, 2e-05], [11714.96, 0.0438015], [11714.95, 0.2], [11714.64, 2.0], [11714.19, 0.319], [11713.5, 4.9], [11712.99, 0.557], [11711.57, 0.12794737]], "asks": [[11716.39, 0.04563936], [11718.32, 0.2], [11719.73, 1.04430791], [11720.06, 2.0], [11720.41, 4.9], [11723.26, 4.56], [11724.5, 0.95], [11725.91, 9.8], [11741.06, 0.56]], "ts": 1596947840386}
{"bids": [[11715.57, 2e-05], [11715.56, 2e-05], [11714.96, 0.0438015], [11714.64, 2.0], [11714.19, 0.319], [11713.5, 4.9], [11712.99, 0.557], [11711.57, 0.12794737]], "asks": [[11716.39, 0.04563936], [11718.32, 0.2], [11719.73, 1.04430791], [11720.06, 2.0], [11720.41, 4.9], [11723.26, 4.56], [11724.5, 0.95], [11725.91, 9.8], [11741.06, 0.56]], "ts": 1596947840387}
{"bids": [[11715.57, 2e-05], [11715.56, 2e-05], [11714.96, 0.0438015], [11714.64, 2.0], [11714.19, 0.319], [11713.5, 4.9], [11712.99, 0.557], [11711.57, 0.12794737]], "asks": [[11716.39, 0.04563936], [11718.32, 0.2], [11719.73, 1.04430791], [11720.06, 2.0], [11720.41, 4.9], [11723.26, 4.56], [11724.5, 0.95], [11725.91, 9.8], [11741.06, 0.56]], "ts": 1596947840407}
{"bids": [[11715.57, 2e-05], [11715.56, 2e-05], [11714.97, 0.2], [11714.96, 0.0438015], [11714.64, 2.0], [11714.19, 0.319], [11713.5, 4.9], [11712.99, 0.557], [11711.57, 0.12794737]], "asks": [[11716.39, 0.04563936], [11718.32, 0.2], [11719.73, 1.04430791], [11720.06, 2.0], [11720.41, 4.9], [11723.26, 4.56], [11724.5, 0.95], [11725.91, 9.8], [11741.06, 0.56]], "ts": 1596947840420}
{"bids": [[11715.57, 2e-05], [11715.56, 2e-05], [11714.98, 0.0438015], [11714.97, 0.2], [11714.96, 0.0438015], [11714.64, 2.0], [11714.19, 0.319], [11713.5, 4.9], [11712.99, 0.557], [11711.57, 0.12794737]], "asks": [[11716.39, 0.04563936], [11718.32, 0.2], [11719.73, 1.04430791], [11720.06, 2.0], [11720.41, 4.9], [11723.26, 4.56], [11724.5, 0.95], [11725.91, 9.8], [11741.06, 0.56]], "ts": 1596947840422}
{"bids": [[11715.57, 2e-05], [11715.56, 2e-05], [11714.98, 0.0438015], [11714.97, 0.2], [11714.64, 2.0], [11714.19, 0.319], [11713.5, 4.9], [11712.99, 0.557], [11711.57, 0.12794737]], "asks": [[11716.39, 0.04563936], [11718.32, 0.2], [11719.73, 1.04430791], [11720.06, 2.0], [11720.41, 4.9], [11723.26, 4.56], [11724.5, 0.95], [11725.91, 9.8], [11741.06, 0.56]], "ts": 1596947840434}
{"bids": [[11715.57, 2e-05], [11715.56, 2e-05], [11714.98, 0.0438015], [11714.64, 2.0], [11714.19, 0.319], [11713.5, 4.9], [11712.99, 0.557], [11711.57, 0.12794737]], "asks": [[11716.39, 0.04563936], [11718.32, 0.2], [11719.73, 1.04430791], [11720.06, 2.0], [11720.41, 4.9], [11723.26, 4.56], [11724.5, 0.95], [11725.91, 9.8], [11741.06, 0.56]], "ts": 1596947840436}
{"bids": [[11715.57, 2e-05], [11715.56, 2e-05], [11714.99, 0.2], [11714.98, 0.0438015], [11714.64, 2.0], [11714.19, 0.319], [11713.5, 4.9], [11712.99, 0.557], [11711.57, 0.12794737]], "asks": [[11716.39, 0.04563936], [11718.32, 0.2], [11719.73, 1.04430791], [11720.06, 2.0], [11720.41, 4.9], [11723.26, 4.56], [11724.5, 0.95], [11725.91, 9.8], [11741.06, 0.56]], "ts": 1596947840473}
{"bids": [[11715.57, 2e-05], [11715.56, 2e-05], [11715.0, 0.0438015], [11714.99, 0.2], [11714.98, 0.0438015], [11714.64, 2.0], [11714.19, 0.319], [11713.5, 4.9], [11712.99, 0.557], [11711.57, 0.12794737]], "asks": [[11716.39, 0.04563936], [11718.32, 0.2], [11719.73, 1.04430791], [11720.06, 2.0], [11720.41, 4.9], [11723.26, 4.56], [11724.5, 0.95], [11725.91, 9.8], [11741.06, 0.56]], "ts": 1596947840476}
{"bids": [[11715.57, 2e-05], [11715.56, 2e-05], [11715.0, 0.0438015], [11714.99, 0.2], [11714.64, 2.0], [11714.19, 0.319], [11713.5, 4.9], [11712.99, 0.557], [11711.57, 0.12794737]], "asks": [[11716.39, 0.04563936], [11718.32, 0.2], [11719.73, 1.04430791], [11720.06, 2.0], [11720.41, 4.9], [11723.26, 4.56], [11724.5, 0.95], [11725.91, 9.8], [11741.06, 0.56]], "ts": 1596947840484}
{"bids": [[11715.57, 2e-05], [11715.56, 2e-05], [11715.0, 0.0438015], [11714.64, 2.0], [11714.19, 0.319], [11713.5, 4.9], [11712.99, 0.557], [11711.57, 0.12794737]], "asks": [[11716.39, 0.04563936], [11718.32, 0.2], [11719.73, 1.04430791], [11720.06, 2.0], [11720.41, 4.9], [11723.26, 4.56], [11724.5, 0.95], [11725.91, 9.8], [11741.06, 0.56]], "ts": 1596947840485}
{"bids": [[11715.57, 2e-05], [11715.56, 2e-05], [11715.01, 0.2], [11715.0, 0.0438015], [11714.64, 2.0], [11714.19, 0.319], [11713.5, 4.9], [11712.99, 0.557], [11711.57, 0.12794737]], "asks": [[11716.39, 0.04563936], [11718.32, 0.2], [11719.73, 1.04430791], [11720.06, 2.0], [11720.41, 4.9], [11723.26, 4.56], [11724.5, 0.95], [11725.91, 9.8], [11741.06, 0.56]], "ts": 1596947840539}
{"bids": [[11715.57, 2e-05], [11715.56, 2e-05], [11715.02, 0.0438015], [11715.01, 0.2], [11715.0, 0.0438015], [11714.64, 2.0], [11714.19, 0.319], [11713.5, 4.9], [11712.99, 0.557], [11711.57, 0.12794737]], "asks": [[11716.39, 0.04563936], [11718.32, 0.2], [11719.73, 1.04430791], [11720.06, 2.0], [11720.41, 4.9], [11723.26, 4.56], [11724.5, 0.95], [11725.91, 9.8], [11741.06, 0.56]], "ts": 1596947840540}
{"bids": [[11715.57, 2e-05], [11715.56, 2e-05], [11715.02, 0.0438015], [11715.01, 0.2], [11714.64, 2.0], [11714.19, 0.319], [11713.5, 4.9], [11712.99, 0.557], [11711.57, 0.12794737]], "asks": [[11716.39, 0.04563936], [11718.32, 0.2], [11719.73, 1.04430791], [11720.06, 2.0], [11720.41, 4.9], [11723.26, 4.56], [11724.5, 0.95], [11725.91, 9.8], [11741.06, 0.56]], "ts": 1596947840542}
{"bids": [[11715.57, 2e-05], [11715.56, 2e-05], [11715.02, 0.0438015], [11714.64, 2.0], [11714.19, 0.319], [11713.5, 4.9], [11712.99, 0.557], [11711.57, 0.12794737]], "asks": [[11716.39, 0.04563936], [11718.32, 0.2], [11719.73, 1.04430791], [11720.06, 2.0], [11720.41, 4.9], [11723.26, 4.56], [11724.5, 0.95], [11725.91, 9.8], [11741.06, 0.56]], "ts": 1596947840543}
{"bids": [[11715.57, 2e-05], [11715.56, 2e-05], [11715.03, 0.2], [11715.02, 0.0438015], [11714.64, 2.0], [11714.19, 0.319], [11713.5, 4.9], [11712.99, 0.557], [11711.57, 0.12794737]], "asks": [[11716.39, 0.04563936], [11718.32, 0.2], [11719.73, 1.04430791], [11720.06, 2.0], [11720.41, 4.9], [11723.26, 4.56], [11724.5, 0.95], [11725.91, 9.8], [11741.06, 0.56]], "ts": 1596947840616}
{"bids": [[11715.57, 2e-05], [11715.56, 2e-05], [11715.04, 0.0438015], [11715.03, 0.2], [11715.02, 0.0438015], [11714.64, 2.0], [11714.19, 0.319], [11713.5, 4.9], [11712.99, 0.557], [11711.57, 0.12794737]], "asks": [[11716.39, 0.04563936], [11718.32, 0.2], [11719.73, 1.04430791], [11720.06, 2.0], [11720.41, 4.9], [11723.26, 4.56], [11724.5, 0.95], [11725.91, 9.8], [11741.06, 0.56]], "ts": 1596947840617}
{"bids": [[11715.57, 2e-05], [11715.56, 2e-05], [11715.04, 0.0438015], [11715.03, 0.2], [11714.64, 2.0], [11714.19, 0.319], [11713.5, 4.9], [11712.99, 0.557], [11711.57, 0.12794737]], "asks": [[11716.39, 0.04563936], [11718.32, 0.2], [11719.73, 1.04430791], [11720.06, 2.0], [11720.41, 4.9], [11723.26, 4.56], [11724.5, 0.95], [11725.91, 9.8], [11741.06, 0.56]], "ts": 1596947840619}
{"bids": [[11715.57, 2e-05], [11715.56, 2e-05], [11715.04, 0.0438015], [11714.64, 2.0], [11714.19, 0.319], [11713.5, 4.9], [11712.99, 0.557], [11711.57, 0.12794737]], "asks": [[11716.39, 0.04563936], [11718.32, 0.2], [11719.73, 1.04430791], [11720.06, 2.0], [11720.41, 4.9], [11723.26, 4.56], [11724.5, 0.95], [11725.91, 9.8], [11741.06, 0.56]], "ts": 1596947840637}
{"bids": [[11715.57, 2e-05], [11715.56, 2e-05], [11715.05, 0.2], [11715.04, 0.0438015], [11714.64, 2.0], [11714.19, 0.319], [11713.5, 4.9], [11712.99, 0.557], [11711.57, 0.12794737]], "asks": [[11716.39, 0.04563936], [11718.32, 0.2], [11719.73, 1.04430791], [11720.06, 2.0], [11720.41, 4.9], [11723.26, 4.56], [11724.5, 0.95], [11725.91, 9.8], [11741.06, 0.56]], "ts": 1596947840652}
{"bids": [[11715.57, 2e-05], [11715.56, 2e-05], [11715.06, 0.0438015], [11715.05, 0.2], [11715.04, 0.0438015], [11714.64, 2.0], [11714.19, 0.319], [11713.5, 4.9], [11712.99, 0.557], [11711.57, 0.12794737]], "asks": [[11716.39, 0.04563936], [11718.32, 0.2], [11719.73, 1.04430791], [11720.06, 2.0], [11720.41, 4.9], [11723.26, 4.56], [11724.5, 0.95], [11725.91, 9.8], [11741.06, 0.56]], "ts": 1596947840653}
{"bids": [[11715.57, 2e-05], [11715.56, 2e-05], [11715.06, 0.0438015], [11715.05, 0.2], [11714.64, 2.0], [11714.19, 0.319], [11713.5, 4.9], [11712.99, 0.557], [11711.57, 0.12794737]], "asks": [[11716.39, 0.04563936], [11718.32, 0.2], [11719.73, 1.04430791], [11720.06, 2.0], [11720.41, 4.9], [11723.26, 4.56], [11724.5, 0.95], [11725.91, 9.8], [11741.06, 0.56]], "ts": 1596947840654}
{"bids": [[11715.57, 2e-05], [11715.56, 2e-05], [11715.06, 0.0438015], [11714.64, 2.0], [11714.19, 0.319], [11713.5, 4.9], [11712.99, 0.557], [11711.57, 0.12794737]], "asks": [[11716.39, 0.04563936], [11718.32, 0.2], [11719.73, 1.04430791], [11720.06, 2.0], [11720.41, 4.9], [11723.26, 4.56], [11724.5, 0.95], [11725.91, 9.8], [11741.06, 0.56]], "ts": 1596947840655}
{"bids": [[11715.57, 2e-05], [11715.56, 2e-05], [11715.07, 0.2], [11715.06, 0.0438015], [11714.64, 2.0], [11714.19, 0.319], [11713.5, 4.9], [11712.99, 0.557], [11711.57, 0.12794737]], "asks": [[11716.39, 0.04563936], [11718.32, 0.2], [11719.73, 1.04430791], [11720.06, 2.0], [11720.41, 4.9], [11723.26, 4.56], [11724.5, 0.95], [11725.91, 9.8], [11741.06, 0.56]], "ts": 1596947840687}
{"bids": [[11715.57, 2e-05], [11715.56, 2e-05], [11715.08, 0.0438015], [11715.07, 0.2], [11715.06, 0.0438015], [11714.64, 2.0], [11714.19, 0.319], [11713.5, 4.9], [11712.99, 0.557], [11711.57, 0.12794737]], "asks": [[11716.39, 0.04563936], [11718.32, 0.2], [11719.73, 1.04430791], [11720.06, 2.0], [11720.41, 4.9], [11723.26, 4.56], [11724.5, 0.95], [11725.91, 9.8], [11741.06, 0.56]], "ts": 1596947840689}
{"bids": [[11715.57, 2e-05], [11715.56, 2e-05], [11715.08, 0.0438015], [11715.07, 0.2], [11714.64, 2.0], [11714.19, 0.319], [11713.5, 4.9], [11712.99, 0.557], [11711.57, 0.12794737]], "asks": [[11716.39, 0.04563936], [11718.32, 0.2], [11719.73, 1.04430791], [11720.06, 2.0], [11720.41, 4.9], [11723.26, 4.56], [11724.5, 0.95], [11725.91, 9.8], [11741.06, 0.56]], "ts": 1596947840689}
{"bids": [[11715.57, 2e-05], [11715.56, 2e-05], [11715.08, 0.0438015], [11714.64, 2.0], [11714.19, 0.319], [11713.5, 4.9], [11712.99, 0.557], [11711.57, 0.12794737]], "asks": [[11716.39, 0.04563936], [11718.32, 0.2], [11719.73, 1.04430791], [11720.06, 2.0], [11720.41, 4.9], [11723.26, 4.56], [11724.5, 0.95], [11725.91, 9.8], [11741.06, 0.56]], "ts": 1596947840691}
{"bids": [[11715.57, 2e-05], [11715.56, 2e-05], [11715.09, 0.2], [11715.08, 0.0438015], [11714.64, 2.0], [11714.19, 0.319], [11713.5, 4.9], [11712.99, 0.557], [11711.57, 0.12794737]], "asks": [[11716.39, 0.04563936], [11718.32, 0.2], [11719.73, 1.04430791], [11720.06, 2.0], [11720.41, 4.9], [11723.26, 4.56], [11724.5, 0.95], [11725.91, 9.8], [11741.06, 0.56]], "ts": 1596947840729}
{"bids": [[11715.57, 2e-05], [11715.56, 2e-05], [11715.1, 0.0438015], [11715.09, 0.2], [11715.08, 0.0438015], [11714.64, 2.0], [11714.19, 0.319], [11713.5, 4.9], [11712.99, 0.557], [11711.57, 0.12794737]], "asks": [[11716.39, 0.04563936], [11718.32, 0.2], [11719.73, 1.04430791], [11720.06, 2.0], [11720.41, 4.9], [11723.26, 4.56], [11724.5, 0.95], [11725.91, 9.8], [11741.06, 0.56]], "ts": 1596947840730}
{"bids": [[11715.57, 2e-05], [11715.56, 2e-05], [11715.1, 0.0438015], [11715.09, 0.2], [11714.64, 2.0], [11714.19, 0.319], [11713.5, 4.9], [11712.99, 0.557], [11711.57, 0.12794737]], "asks": [[11716.39, 0.04563936], [11718.32, 0.2], [11719.73, 1.04430791], [11720.06, 2.0], [11720.41, 4.9], [11723.26, 4.56], [11724.5, 0.95], [11725.91, 9.8], [11741.06, 0.56]], "ts": 1596947840740}
{"bids": [[11715.57, 2e-05], [11715.56, 2e-05], [11715.1, 0.0438015], [11714.64, 2.0], [11714.19, 0.319], [11713.5, 4.9], [11712.99, 0.557], [11711.57, 0.12794737]], "asks": [[11716.39, 0.04563936], [11718.32, 0.2], [11719.73, 1.04430791], [11720.06, 2.0], [11720.41, 4.9], [11723.26, 4.56], [11724.5, 0.95], [11725.91, 9.8], [11741.06, 0.56]], "ts": 1596947840741}
{"bids": [[11715.57, 2e-05], [11715.56, 2e-05], [11715.11, 0.2], [11715.1, 0.0438015], [11714.64, 2.0], [11714.19, 0.319], [11713.5, 4.9], [11712.99, 0.557], [11711.57, 0.12794737]], "asks": [[11716.39, 0.04563936], [11718.32, 0.2], [11719.73, 1.04430791], [11720.06, 2.0], [11720.41, 4.9], [11723.26, 4.56], [11724.5, 0.95], [11725.91, 9.8], [11741.06, 0.56]], "ts": 1596947840781}
{"bids": [[11715.57, 2e-05], [11715.56, 2e-05], [11715.12, 0.0438015], [11715.11, 0.2], [11715.1, 0.0438015], [11714.64, 2.0], [11714.19, 0.319], [11713.5, 4.9], [11712.99, 0.557], [11711.57, 0.12794737]], "asks": [[11716.39, 0.04563936], [11718.32, 0.2], [11719.73, 1.04430791], [11720.06, 2.0], [11720.41, 4.9], [11723.26, 4.56], [11724.5, 0.95], [11725.91, 9.8], [11741.06, 0.56]], "ts": 1596947840782}
{"bids": [[11715.57, 2e-05], [11715.56, 2e-05], [11715.12, 0.0438015], [11715.11, 0.2], [11714.64, 2.0], [11714.19, 0.319], [11713.5, 4.9], [11712.99, 0.557], [11711.57, 0.12794737]], "asks": [[11716.39, 0.04563936], [11718.32, 0.2], [11719.73, 1.04430791], [11720.06, 2.0], [11720.41, 4.9], [11723.26, 4.56], [11724.5, 0.95], [11725.91, 9.8], [11741.06, 0.56]], "ts": 1596947840789}
{"bids": [[11715.57, 2e-05], [11715.56, 2e-05], [11715.12, 0.0438015], [11714.64, 2.0], [11714.19, 0.319], [11713.5, 4.9], [11712.99, 0.557], [11711.57, 0.12794737]], "asks": [[11716.39, 0.04563936], [11718.32, 0.2], [11719.73, 1.04430791], [11720.06, 2.0], [11720.41, 4.9], [11723.26, 4.56], [11724.5, 0.95], [11725.91, 9.8], [11741.06, 0.56]], "ts": 1596947840790}
{"bids": [[11715.57, 2e-05], [11715.56, 2e-05], [11714.64, 2.0], [11714.19, 0.319], [11713.5, 4.9], [11712.99, 0.557], [11711.57, 0.12794737]], "asks": [[11716.39, 0.04563936], [11718.32, 0.2], [11719.73, 1.04430791], [11720.06, 2.0], [11720.41, 4.9], [11723.26, 4.56], [11724.5, 0.95], [11725.91, 9.8], [11741.06, 0.56]], "ts": 1596947840791}
{"bids": [[11715.57, 2e-05], [11715.56, 2e-05], [11714.65, 0.0438015], [11714.64, 2.0], [11714.19, 0.319], [11713.5, 4.9], [11712.99, 0.557], [11711.57, 0.12794737]], "asks": [[11716.39, 0.04563936], [11718.32, 0.2], [11719.73, 1.04430791], [11720.06, 2.0], [11720.41, 4.9], [11723.26, 4.56], [11724.5, 0.95], [11725.91, 9.8], [11741.06, 0.56]], "ts": 1596947840793}
{"bids": [[11715.57, 2e-05], [11715.56, 2e-05], [11715.13, 0.2], [11714.65, 0.0438015], [11714.64, 2.0], [11714.19, 0.319], [11713.5, 4.9], [11712.99, 0.557], [11711.57, 0.12794737]], "asks": [[11716.39, 0.04563936], [11718.32, 0.2], [11719.73, 1.04430791], [11720.06, 2.0], [11720.41, 4.9], [11723.26, 4.56], [11724.5, 0.95], [11725.91, 9.8], [11741.06, 0.56]], "ts": 1596947840794}
{"bids": [[11715.57, 2e-05], [11715.56, 2e-05], [11715.14, 0.0438015], [11715.13, 0.2], [11714.65, 0.0438015], [11714.64, 2.0], [11714.19, 0.319], [11713.5, 4.9], [11712.99, 0.557], [11711.57, 0.12794737]], "asks": [[11716.39, 0.04563936], [11718.32, 0.2], [11719.73, 1.04430791], [11720.06, 2.0], [11720.41, 4.9], [11723.26, 4.56], [11724.5, 0.95], [11725.91, 9.8], [11741.06, 0.56]], "ts": 1596947840795}
{"bids": [[11715.57, 2e-05], [11715.56, 2e-05], [11715.14, 0.0438015], [11715.13, 0.2], [11714.64, 2.0], [11714.19, 0.319], [11713.5, 4.9], [11712.99, 0.557], [11711.57, 0.12794737]], "asks": [[11716.39, 0.04563936], [11718.32, 0.2], [11719.73, 1.04430791], [11720.06, 2.0], [11720.41, 4.9], [11723.26, 4.56], [11724.5, 0.95], [11725.91, 9.8], [11741.06, 0.56]], "ts": 1596947840796}
{"bids": [[11715.57, 2e-05], [11715.56, 2e-05], [11715.14, 0.0438015], [11715.13, 0.2], [11714.64, 2.0], [11714.19, 0.319], [11713.5, 4.9], [11712.99, 0.557], [11711.57, 0.12794737]], "asks": [[11716.39, 0.04563936], [11718.31, 0.0438015], [11718.32, 0.2], [11719.73, 1.04430791], [11720.06, 2.0], [11720.41, 4.9], [11723.26, 4.56], [11724.5, 0.95], [11725.91, 9.8], [11741.06, 0.56]], "ts": 1596947840803}
{"bids": [[11715.57, 2e-05], [11715.56, 2e-05], [11715.14, 0.0438015], [11715.13, 0.2], [11714.64, 2.0], [11714.19, 0.319], [11713.5, 4.9], [11712.99, 0.557], [11711.57, 0.12794737]], "asks": [[11716.39, 0.04563936], [11718.32, 0.2], [11719.73, 1.04430791], [11720.06, 2.0], [11720.41, 4.9], [11723.26, 4.56], [11724.5, 0.95], [11725.91, 9.8], [11741.06, 0.56]], "ts": 1596947840805}
{"bids": [[11715.57, 2e-05], [11715.56, 2e-05], [11715.14, 0.0438015], [11714.64, 2.0], [11714.19, 0.319], [11713.5, 4.9], [11712.99, 0.557], [11711.57, 0.12794737]], "asks": [[11716.39, 0.04563936], [11718.32, 0.2], [11719.73, 1.04430791], [11720.06, 2.0], [11720.41, 4.9], [11723.26, 4.56], [11724.5, 0.95], [11725.91, 9.8], [11741.06, 0.56]], "ts": 1596947840806}
{"bids": [[11715.57, 2e-05], [11715.56, 2e-05], [11714.64, 2.0], [11714.19, 0.319], [11713.5, 4.9], [11712.99, 0.557], [11711.57, 0.12794737]], "asks": [[11716.39, 0.04563936], [11718.32, 0.2], [11719.73, 1.04430791], [11720.06, 2.0], [11720.41, 4.9], [11723.26, 4.56], [11724.5, 0.95], [11725.91, 9.8], [11741.06, 0.56]], "ts": 1596947840808}
{"bids": [[11715.57, 2e-05], [11715.56, 2e-05], [11714.65, 0.0438015], [11714.64, 2.0], [11714.19, 0.319], [11713.5, 4.9], [11712.99, 0.557], [11711.57, 0.12794737]], "asks": [[11716.39, 0.04563936], [11718.32, 0.2], [11719.73, 1.04430791], [11720.06, 2.0], [11720.41, 4.9], [11723.26, 4.56], [11724.5, 0.95], [11725.91, 9.8], [11741.06, 0.56]], "ts": 1596947840809}
{"bids": [[11715.57, 2e-05], [11715.56, 2e-05], [11715.15, 0.2], [11714.65, 0.0438015], [11714.64, 2.0], [11714.19, 0.319], [11713.5, 4.9], [11712.99, 0.557], [11711.57, 0.12794737]], "asks": [[11716.39, 0.04563936], [11718.32, 0.2], [11719.73, 1.04430791], [11720.06, 2.0], [11720.41, 4.9], [11723.26, 4.56], [11724.5, 0.95], [11725.91, 9.8], [11741.06, 0.56]], "ts": 1596947840810}
{"bids": [[11715.57, 2e-05], [11715.56, 2e-05], [11715.16, 0.0438015], [11715.15, 0.2], [11714.65, 0.0438015], [11714.64, 2.0], [11714.19, 0.319], [11713.5, 4.9], [11712.99, 0.557], [11711.57, 0.12794737]], "asks": [[11716.39, 0.04563936], [11718.32, 0.2], [11719.73, 1.04430791], [11720.06, 2.0], [11720.41, 4.9], [11723.26, 4.56], [11724.5, 0.95], [11725.91, 9.8], [11741.06, 0.56]], "ts": 1596947840811}
{"bids": [[11715.57, 2e-05], [11715.56, 2e-05], [11715.16, 0.0438015], [11715.15, 0.2], [11714.64, 2.0], [11714.19, 0.319], [11713.5, 4.9], [11712.99, 0.557], [11711.57, 0.12794737]], "asks": [[11716.39, 0.04563936], [11718.32, 0.2], [11719.73, 1.04430791], [11720.06, 2.0], [11720.41, 4.9], [11723.26, 4.56], [11724.5, 0.95], [11725.91, 9.8], [11741.06, 0.56]], "ts": 1596947840812}
{"bids": [[11715.57, 2e-05], [11715.56, 2e-05], [11715.16, 0.0438015], [11715.15, 0.2], [11714.64, 2.0], [11714.19, 0.319], [11713.5, 4.9], [11712.99, 0.557], [11711.57, 0.12794737]], "asks": [[11716.39, 0.04563936], [11718.31, 0.0438015], [11718.32, 0.2], [11719.73, 1.04430791], [11720.06, 2.0], [11720.41, 4.9], [11723.26, 4.56], [11724.5, 0.95], [11725.91, 9.8], [11741.06, 0.56]], "ts": 1596947840814}
{"bids": [[11715.57, 2e-05], [11715.56, 2e-05], [11715.16, 0.0438015], [11715.15, 0.2], [11714.64, 2.0], [11714.19, 0.319], [11713.5, 4.9], [11712.99, 0.557], [11711.57, 0.12794737]], "asks": [[11716.39, 0.04563936], [11718.32, 0.2], [11719.73, 1.04430791], [11720.06, 2.0], [11720.41, 4.9], [11723.26, 4.56], [11724.5, 0.95], [11725.91, 9.8], [11741.06, 0.56]], "ts": 1596947840822}
{"bids": [[11715.57, 2e-05], [11715.56, 2e-05], [11715.16, 0.0438015], [11714.64, 2.0], [11714.19, 0.319], [11713.5, 4.9], [11712.99, 0.557], [11711.57, 0.12794737]], "asks": [[11716.39, 0.04563936], [11718.32, 0.2], [11719.73, 1.04430791], [11720.06, 2.0], [11720.41, 4.9], [11723.26, 4.56], [11724.5, 0.95], [11725.91, 9.8], [11741.06, 0.56]], "ts": 1596947840824}
{"bids": [[11715.57, 2e-05], [11715.56, 2e-05], [11714.64, 2.0], [11714.19, 0.319], [11713.5, 4.9], [11712.99, 0.557], [11711.57, 0.12794737]], "asks": [[11716.39, 0.04563936], [11718.32, 0.2], [11719.73, 1.04430791], [11720.06, 2.0], [11720.41, 4.9], [11723.26, 4.56], [11724.5, 0.95], [11725.91, 9.8], [11741.06, 0.56]], "ts": 1596947840829}
{"bids": [[11715.57, 2e-05], [11715.56, 2e-05], [11714.65, 0.0438015], [11714.64, 2.0], [11714.19, 0.319], [11713.5, 4.9], [11712.99, 0.557], [11711.57, 0.12794737]], "asks": [[11716.39, 0.04563936], [11718.32, 0.2], [11719.73, 1.04430791], [11720.06, 2.0], [11720.41, 4.9], [11723.26, 4.56], [11724.5, 0.95], [11725.91, 9.8], [11741.06, 0.56]], "ts": 1596947840830}
{"bids": [[11715.57, 2e-05], [11715.56, 2e-05], [11715.17, 0.2], [11714.65, 0.0438015], [11714.64, 2.0], [11714.19, 0.319], [11713.5, 4.9], [11712.99, 0.557], [11711.57, 0.12794737]], "asks": [[11716.39, 0.04563936], [11718.32, 0.2], [11719.73, 1.04430791], [11720.06, 2.0], [11720.41, 4.9], [11723.26, 4.56], [11724.5, 0.95], [11725.91, 9.8], [11741.06, 0.56]], "ts": 1596947840832}
{"bids": [[11715.57, 2e-05], [11715.56, 2e-05], [11715.18, 0.0438015], [11715.17, 0.2], [11714.65, 0.0438015], [11714.64, 2.0], [11714.19, 0.319], [11713.5, 4.9], [11712.99, 0.557], [11711.57, 0.12794737]], "asks": [[11716.39, 0.04563936], [11718.32, 0.2], [11719.73, 1.04430791], [11720.06, 2.0], [11720.41, 4.9], [11723.26, 4.56], [11724.5, 0.95], [11725.91, 9.8], [11741.06, 0.56]], "ts": 1596947840833}
{"bids": [[11715.57, 2e-05], [11715.56, 2e-05], [11715.18, 0.0438015], [11715.17, 0.2], [11714.64, 2.0], [11714.19, 0.319], [11713.5, 4.9], [11712.99, 0.557], [11711.57, 0.12794737]], "asks": [[11716.39, 0.04563936], [11718.32, 0.2], [11719.73, 1.04430791], [11720.06, 2.0], [11720.41, 4.9], [11723.26, 4.56], [11724.5, 0.95], [11725.91, 9.8], [11741.06, 0.56]], "ts": 1596947840834}
{"bids": [[11715.57, 2e-05], [11715.56, 2e-05], [11715.18, 0.0438015], [11715.17, 0.2], [11714.64, 2.0], [11714.19, 0.319], [11713.5, 4.9], [11712.99, 0.557], [11711.57, 0.12794737]], "asks": [[11716.39, 0.04563936], [11718.31, 0.0438015], [11718.32, 0.2], [11719.73, 1.04430791], [11720.06, 2.0], [11720.41, 4.9], [11723.26, 4.56], [11724.5, 0.95], [11725.91, 9.8], [11741.06, 0.56]], "ts": 1596947840835}
{"bids": [[11715.57, 2e-05], [11715.56, 2e-05], [11715.18, 0.0438015], [11714.64, 2.0], [11714.19, 0.319], [11713.5, 4.9], [11712.99, 0.557], [11711.57, 0.12794737]], "asks": [[11716.39, 0.04563936], [11718.31, 0.0438015], [11718.32, 0.2], [11719.73, 1.04430791], [11720.06, 2.0], [11720.41, 4.9], [11723.26, 4.56], [11724.5, 0.95], [11725.91, 9.8], [11741.06, 0.56]], "ts": 1596947840836}
{"bids": [[11715.57, 2e-05], [11715.56, 2e-05], [11714.64, 2.0], [11714.19, 0.319], [11713.5, 4.9], [11712.99, 0.557], [11711.57, 0.12794737]], "asks": [[11716.39, 0.04563936], [11718.31, 0.0438015], [11718.32, 0.2], [11719.73, 1.04430791], [11720.06, 2.0], [11720.41, 4.9], [11723.26, 4.56], [11724.5, 0.95], [11725.91, 9.8], [11741.06, 0.56]], "ts": 1596947840837}
{"bids": [[11715.57, 2e-05], [11715.56, 2e-05], [11714.65, 0.0438015], [11714.64, 2.0], [11714.19, 0.319], [11713.5, 4.9], [11712.99, 0.557], [11711.57, 0.12794737]], "asks": [[11716.39, 0.04563936], [11718.31, 0.0438015], [11718.32, 0.2], [11719.73, 1.04430791], [11720.06, 2.0], [11720.41, 4.9], [11723.26, 4.56], [11724.5, 0.95], [11725.91, 9.8], [11741.06, 0.56]], "ts": 1596947840838}
{"bids": [[11715.57, 2e-05], [11715.56, 2e-05], [11714.65, 0.0438015], [11714.64, 2.0], [11714.19, 0.319], [11713.5, 4.9], [11712.99, 0.557], [11711.57, 0.12794737]], "asks": [[11716.39, 0.04563936], [11718.32, 0.2], [11719.73, 1.04430791], [11720.06, 2.0], [11720.41, 4.9], [11723.26, 4.56], [11724.5, 0.95], [11725.91, 9.8], [11741.06, 0.56]], "ts": 1596947840839}
{"bids": [[11715.57, 2e-05], [11715.56, 2e-05], [11714.65, 0.0438015], [11714.64, 2.0], [11714.19, 0.319], [11713.5, 4.9], [11712.99, 0.557], [11711.57, 0.12794737]], "asks": [[11716.39, 0.04563936], [11718.32, 0.2438015], [11719.73, 1.04430791], [11720.06, 2.0], [11720.41, 4.9], [11723.26, 4.56], [11724.5, 0.95], [11725.91, 9.8], [11741.06, 0.56]], "ts": 1596947840840}
{"bids": [[11715.57, 2e-05], [11715.56, 2e-05], [11714.65, 0.0438015], [11714.64, 2.0], [11714.19, 0.319], [11713.5, 4.9], [11712.99, 0.557], [11711.57, 0.12794737]], "asks": [[11716.39, 0.04563936], [11718.32, 0.2], [11719.73, 1.04430791], [11720.06, 2.0], [11720.41, 4.9], [11723.26, 4.56], [11724.5, 0.95], [11725.91, 9.8], [11741.06, 0.56]], "ts": 1596947840841}
{"bids": [[11715.57, 2e-05], [11715.56, 2e-05], [11715.19, 0.2], [11714.65, 0.0438015], [11714.64, 2.0], [11714.19, 0.319], [11713.5, 4.9], [11712.99, 0.557], [11711.57, 0.12794737]], "asks": [[11716.39, 0.04563936], [11718.32, 0.2], [11719.73, 1.04430791], [11720.06, 2.0], [11720.41, 4.9], [11723.26, 4.56], [11724.5, 0.95], [11725.91, 9.8], [11741.06, 0.56]], "ts": 1596947840842}
{"bids": [[11715.57, 2e-05], [11715.56, 2e-05], [11715.2, 0.0438015], [11715.19, 0.2], [11714.65, 0.0438015], [11714.64, 2.0], [11714.19, 0.319], [11713.5, 4.9], [11712.99, 0.557], [11711.57, 0.12794737]], "asks": [[11716.39, 0.04563936], [11718.32, 0.2], [11719.73, 1.04430791], [11720.06, 2.0], [11720.41, 4.9], [11723.26, 4.56], [11724.5, 0.95], [11725.91, 9.8], [11741.06, 0.56]], "ts": 1596947840843}
{"bids": [[11715.57, 2e-05], [11715.56, 2e-05], [11715.2, 0.0438015], [11715.19, 0.2], [11714.64, 2.0], [11714.19, 0.319], [11713.5, 4.9], [11712.99, 0.557], [11711.57, 0.12794737]], "asks": [[11716.39, 0.04563936], [11718.32, 0.2], [11719.73, 1.04430791], [11720.06, 2.0], [11720.41, 4.9], [11723.26, 4.56], [11724.5, 0.95], [11725.91, 9.8], [11741.06, 0.56]], "ts": 1596947840859}
{"bids": [[11715.57, 2e-05], [11715.56, 2e-05], [11715.2, 0.0438015], [11715.19, 0.2], [11714.64, 2.0], [11714.19, 0.319], [11713.5, 4.9], [11712.99, 0.557], [11711.57, 0.12794737]], "asks": [[11716.39, 0.04563936], [11718.31, 0.0438015], [11718.32, 0.2], [11719.73, 1.04430791], [11720.06, 2.0], [11720.41, 4.9], [11723.26, 4.56], [11724.5, 0.95], [11725.91, 9.8], [11741.06, 0.56]], "ts": 1596947840860}
{"bids": [[11715.57, 2e-05], [11715.56, 2e-05], [11715.2, 0.0438015], [11714.64, 2.0], [11714.19, 0.319], [11713.5, 4.9], [11712.99, 0.557], [11711.57, 0.12794737]], "asks": [[11716.39, 0.04563936], [11718.31, 0.0438015], [11718.32, 0.2], [11719.73, 1.04430791], [11720.06, 2.0], [11720.41, 4.9], [11723.26, 4.56], [11724.5, 0.95], [11725.91, 9.8], [11741.06, 0.56]], "ts": 1596947840861}
{"bids": [[11715.57, 2e-05], [11715.56, 2e-05], [11714.64, 2.0], [11714.19, 0.319], [11713.5, 4.9], [11712.99, 0.557], [11711.57, 0.12794737]], "asks": [[11716.39, 0.04563936], [11718.31, 0.0438015], [11718.32, 0.2], [11719.73, 1.04430791], [11720.06, 2.0], [11720.41, 4.9], [11723.26, 4.56], [11724.5, 0.95], [11725.91, 9.8], [11741.06, 0.56]], "ts": 1596947840862}
{"bids": [[11715.57, 2e-05], [11715.56, 2e-05], [11714.65, 0.0438015], [11714.64, 2.0], [11714.19, 0.319], [11713.5, 4.9], [11712.99, 0.557], [11711.57, 0.12794737]], "asks": [[11716.39, 0.04563936], [11718.31, 0.0438015], [11718.32, 0.2], [11719.73, 1.04430791], [11720.06, 2.0], [11720.41, 4.9], [11723.26, 4.56], [11724.5, 0.95], [11725.91, 9.8], [11741.06, 0.56]], "ts": 1596947840864}
{"bids": [[11715.57, 2e-05], [11715.56, 2e-05], [11714.65, 0.0438015], [11714.64, 2.0], [11714.19, 0.319], [11713.5, 4.9], [11712.99, 0.557], [11711.57, 0.12794737]], "asks": [[11716.39, 0.04563936], [11718.32, 0.2], [11719.73, 1.04430791], [11720.06, 2.0], [11720.41, 4.9], [11723.26, 4.56], [11724.5, 0.95], [11725.91, 9.8], [11741.06, 0.56]], "ts": 1596947840865}
{"bids": [[11715.57, 2e-05], [11715.56, 2e-05], [11714.65, 0.0438015], [11714.64, 2.0], [11714.19, 0.319], [11713.5, 4.9], [11712.99, 0.557], [11711.57, 0.12794737]], "asks": [[11716.39, 0.04563936], [11718.31, 0.0438015], [11718.32, 0.2], [11719.73, 1.04430791], [11720.06, 2.0], [11720.41, 4.9], [11723.26, 4.56], [11724.5, 0.95], [11725.91, 9.8], [11741.06, 0.56]], "ts": 1596947840866}
{"bids": [[11715.57, 2e-05], [11715.56, 2e-05], [11715.21, 0.2], [11714.65, 0.0438015], [11714.64, 2.0], [11714.19, 0.319], [11713.5, 4.9], [11712.99, 0.557], [11711.57, 0.12794737]], "asks": [[11716.39, 0.04563936], [11718.31, 0.0438015], [11718.32, 0.2], [11719.73, 1.04430791], [11720.06, 2.0], [11720.41, 4.9], [11723.26, 4.56], [11724.5, 0.95], [11725.91, 9.8], [11741.06, 0.56]], "ts": 1596947840867}
{"bids": [[11715.57, 2e-05], [11715.56, 2e-05], [11715.22, 0.0438015], [11715.21, 0.2], [11714.65, 0.0438015], [11714.64, 2.0], [11714.19, 0.319], [11713.5, 4.9], [11712.99, 0.557], [11711.57, 0.12794737]], "asks": [[11716.39, 0.04563936], [11718.31, 0.0438015], [11718.32, 0.2], [11719.73, 1.04430791], [11720.06, 2.0], [11720.41, 4.9], [11723.26, 4.56], [11724.5, 0.95], [11725.91, 9.8], [11741.06, 0.56]], "ts": 1596947840868}
{"bids": [[11715.57, 2e-05], [11715.56, 2e-05], [11715.22, 0.0438015], [11715.21, 0.2], [11714.64, 2.0], [11714.19, 0.319], [11713.5, 4.9], [11712.99, 0.557], [11711.57, 0.12794737]], "asks": [[11716.39, 0.04563936], [11718.31, 0.0438015], [11718.32, 0.2], [11719.73, 1.04430791], [11720.06, 2.0], [11720.41, 4.9], [11723.26, 4.56], [11724.5, 0.95], [11725.91, 9.8], [11741.06, 0.56]], "ts": 1596947840869}
{"bids": [[11715.57, 2e-05], [11715.56, 2e-05], [11715.22, 0.0438015], [11714.64, 2.0], [11714.19, 0.319], [11713.5, 4.9], [11712.99, 0.557], [11711.57, 0.12794737]], "asks": [[11716.39, 0.04563936], [11718.31, 0.0438015], [11718.32, 0.2], [11719.73, 1.04430791], [11720.06, 2.0], [11720.41, 4.9], [11723.26, 4.56], [11724.5, 0.95], [11725.91, 9.8], [11741.06, 0.56]], "ts": 1596947840870}
{"bids": [[11715.57, 2e-05], [11715.56, 2e-05], [11714.64, 2.0], [11714.19, 0.319], [11713.5, 4.9], [11712.99, 0.557], [11711.57, 0.12794737]], "asks": [[11716.39, 0.04563936], [11718.31, 0.0438015], [11718.32, 0.2], [11719.73, 1.04430791], [11720.06, 2.0], [11720.41, 4.9], [11723.26, 4.56], [11724.5, 0.95], [11725.91, 9.8], [11741.06, 0.56]], "ts": 1596947840871}
{"bids": [[11715.57, 2e-05], [11715.56, 2e-05], [11714.65, 0.0438015], [11714.64, 2.0], [11714.19, 0.319], [11713.5, 4.9], [11712.99, 0.557], [11711.57, 0.12794737]], "asks": [[11716.39, 0.04563936], [11718.31, 0.0438015], [11718.32, 0.2], [11719.73, 1.04430791], [11720.06, 2.0], [11720.41, 4.9], [11723.26, 4.56], [11724.5, 0.95], [11725.91, 9.8], [11741.06, 0.56]], "ts": 1596947840872}
{"bids": [[11715.57, 2e-05], [11715.56, 2e-05], [11715.23, 0.2], [11714.65, 0.0438015], [11714.64, 2.0], [11714.19, 0.319], [11713.5, 4.9], [11712.99, 0.557], [11711.57, 0.12794737]], "asks": [[11716.39, 0.04563936], [11718.31, 0.0438015], [11718.32, 0.2], [11719.73, 1.04430791], [11720.06, 2.0], [11720.41, 4.9], [11723.26, 4.56], [11724.5, 0.95], [11725.91, 9.8], [11741.06, 0.56]], "ts": 1596947840873}
{"bids": [[11715.57, 2e-05], [11715.56, 2e-05], [11715.24, 0.0438015], [11715.23, 0.2], [11714.65, 0.0438015], [11714.64, 2.0], [11714.19, 0.319], [11713.5, 4.9], [11712.99, 0.557], [11711.57, 0.12794737]], "asks": [[11716.39, 0.04563936], [11718.31, 0.0438015], [11718.32, 0.2], [11719.73, 1.04430791], [11720.06, 2.0], [11720.41, 4.9], [11723.26, 4.56], [11724.5, 0.95], [11725.91, 9.8], [11741.06, 0.56]], "ts": 1596947840874}
{"bids": [[11715.57, 2e-05], [11715.56, 2e-05], [11715.24, 0.0438015], [11715.23, 0.2], [11714.64, 2.0], [11714.19, 0.319], [11713.5, 4.9], [11712.99, 0.557], [11711.57, 0.12794737]], "asks": [[11716.39, 0.04563936], [11718.31, 0.0438015], [11718.32, 0.2], [11719.73, 1.04430791], [11720.06, 2.0], [11720.41, 4.9], [11723.26, 4.56], [11724.5, 0.95], [11725.91, 9.8], [11741.06, 0.56]], "ts": 1596947840875}
{"bids": [[11715.57, 2e-05], [11715.56, 2e-05], [11715.24, 0.0438015], [11714.64, 2.0], [11714.19, 0.319], [11713.5, 4.9], [11712.99, 0.557], [11711.57, 0.12794737]], "asks": [[11716.39, 0.04563936], [11718.31, 0.0438015], [11718.32, 0.2], [11719.73, 1.04430791], [11720.06, 2.0], [11720.41, 4.9], [11723.26, 4.56], [11724.5, 0.95], [11725.91, 9.8], [11741.06, 0.56]], "ts": 1596947840876}
{"bids": [[11715.57, 2e-05], [11715.56, 2e-05], [11714.64, 2.0], [11714.19, 0.319], [11713.5, 4.9], [11712.99, 0.557], [11711.57, 0.12794737]], "asks": [[11716.39, 0.04563936], [11718.31, 0.0438015], [11718.32, 0.2], [11719.73, 1.04430791], [11720.06, 2.0], [11720.41, 4.9], [11723.26, 4.56], [11724.5, 0.95], [11725.91, 9.8], [11741.06, 0.56]], "ts": 1596947840877}
{"bids": [[11715.57, 2e-05], [11715.56, 2e-05], [11714.65, 0.0438015], [11714.64, 2.0], [11714.19, 0.319], [11713.5, 4.9], [11712.99, 0.557], [11711.57, 0.12794737]], "asks": [[11716.39, 0.04563936], [11718.31, 0.0438015], [11718.32, 0.2], [11719.73, 1.04430791], [11720.06, 2.0], [11720.41, 4.9], [11723.26, 4.56], [11724.5, 0.95], [11725.91, 9.8], [11741.06, 0.56]], "ts": 1596947840878}
{"bids": [[11715.57, 2e-05], [11715.56, 2e-05], [11715.25, 0.2], [11714.65, 0.0438015], [11714.64, 2.0], [11714.19, 0.319], [11713.5, 4.9], [11712.99, 0.557], [11711.57, 0.12794737]], "asks": [[11716.39, 0.04563936], [11718.31, 0.0438015], [11718.32, 0.2], [11719.73, 1.04430791], [11720.06, 2.0], [11720.41, 4.9], [11723.26, 4.56], [11724.5, 0.95], [11725.91, 9.8], [11741.06, 0.56]], "ts": 1596947840879}
